2049 3272
344 202 446 308 236

575 1345 862 1396 nanciscatur
876 1341 1042 1412 aliquid
1066 1339 1203 1392 fixum
1230 1348 1275 1388 &
1296 1340 1542 1400 immobile,
1563 1349 1634 1393 cui
1657 1343 1873 1413 tanquam

801 233 892 293 De
920 230 1197 316 Augmentis
1226 231 1591 292 scientiarum„

574 370 667 420 mul
683 364 920 418 &Obie-,sti
937 372 1129 435 Speciem
1155 372 1314 436 arripit,
1345 372 1391 414 δε
1421 372 1511 416 eius
1538 372 1719 418 Veritati
1744 385 1851 416 cou-

573 436 708 489 sentit.
745 435 888 486 Aliter
914 454 1057 488 autem
1079 435 1130 485 fit
1163 443 1210 487 in
1231 437 1609 502 Syllogismo3cuius
1643 437 1851 488 Probatio

574 508 823 560 immediata
837 525 930 556 non
945 507 1018 566 est,
1039 506 1109 556 sed
1120 525 1191 575 per
1215 507 1421 556 Medium
1444 505 1671 576 perficitur.
1703 511 1856 576 Itaque

574 580 654 630 alia
666 598 727 629 res
743 577 800 626 est
811 582 999 626 Inuentio
1015 580 1159 644 Med'q',
1179 577 1260 626 alia
1279 580 1479 626 Iudicium
1501 577 1554 626 de
1578 576 1855 644 Consequentia?

575 653 816 714 Argumenti.
851 651 972 696 Nam
993 648 1138 716 primo
1165 646 1360 695 discurrit
1383 649 1529 707 Mens,
1547 646 1691 715 postea
1712 651 1861 717 acqui-

577 719 685 769 escit.
722 719 782 765 At
802 718 1043 766 Induc‘lionis
1065 719 1270 766 formam
1292 715 1492 764 vitiosam
1518 716 1694 784 prorsus
1721 719 1861 768 valere

579 790 776 840 iubemus
794 814 804 848 ·,
825 787 1069 854 legitimam
1105 787 1159 836 ad
1178 792 1347 836 Nouum
1369 792 1579 850 organum
1593 792 1862 836 remittimus.

583 865 737 930 Itaque
752 858 805 906 de
813 860 973 908 Iudicio
976 869 1052 923 per
1063 853 1430 905 Induaionemhoc
1441 857 1546 904 loco
1556 855 1667 906 satis.

648 935 721 978 De
742 926 822 975 illo
840 926 978 975 altero
1003 943 1077 993 per
1097 930 1367 989 Syllogismum
1388 926 1498 996 quid
1529 930 1682 975 attinet
1704 924 1869 986 dicere;

588 996 693 1046 cum
706 993 985 1044 subtilissimis
999 996 1280 1061 Ingeniorum
1292 996 1440 1056 Limis,
1450 993 1543 1044 haec
1553 1015 1617 1045 res
1627 993 1715 1046 fere
1726 999 1869 1045 attrita

592 1065 659 1127 sit,
680 1074 726 1114 δε
739 1069 785 1114 in
803 1062 961 1113 multas
975 1059 1183 1111 minutias
1210 1062 1410 1114 redafflt?
1444 1068 1540 1113 Nec
1566 1070 1746 1125 mirum,
1765 1063 1872 1114 cum

595 1134 647 1185 fit
659 1154 737 1194 τος,
761 1152 861 1206 quae
885 1150 986 1182 cum
1012 1132 1242 1181 1nte11e6tu
1262 1131 1464 1183 humano
1484 1152 1695 1204 magnam
1715 1132 1874 1184 habeat

594 1207 910 1274 Sympatbiam.
971 1207 1094 1253 Nam
1117 1201 1306 1253 Animus
1334 1201 1570 1265 humanus,
1593 1209 1710 1256 miris
1732 1206 1876 1255 modis

592 1277 646 1326 ad
679 1275 769 1325 hoc
787 1272 1026 1332 contendit,
1056 1278 1102 1320 &
1126 1271 1312 1332 anhelat,
1335 1289 1382 1322 vt
1405 1291 1494 1323 non
1515 1271 1689 1343 pensilis
1712 1271 1779 1335 fit,
1801 1274 1871 1324 sed

593 1418 893 1473 Firmamento,
915 1416 960 1460 in
974 1405 1309 1460 Transcurfibus
1328 1416 1371 1459 δε
1384 1408 1773 1481 Βὶίῇιιὶίῐῑίοηὼυε
1781 1410 1876 1475 sun,

595 1490 818 1534 innitatur.
874 1478 988 1533 Sane
1010 1477 1670 1549 quemadmodumAnstoteles
1694 1480 1878 1551 probare

596 1571 774 1607 conatur
797 1555 984 1604 inueniri
1010 1555 1057 1600 in
1073 1555 1209 1601 omni
1229 1553 1370 1602 Motu
1404 1555 1685 1623 Corporum,
1702 1553 1881 1622 ahquid

597 1625 720 1696 quod
733 1624 939 1699 quiescit,
976 1628 1023 1670 δε
1035 1619 1244 1689 Fabulam
1263 1622 1512 1692 Antiquam
1523 1623 1577 1674 de
1587 1624 1778 1684 Atlante,
1798 1627 1878 1695 qui
1909 1652 1911 1662 2

597 1696 681 1764 ipse
690 1699 854 1746 creditus
868 1692 1051 1744 Coelum
1067 1690 1258 1756 humeris
1278 1692 1491 1755 sustinuit,
1511 1692 1805 1763 pereleganter
1821 1696 1876 1744 ad

597 1763 731 1812 Polos
745 1766 908 1814 Mundi
922 1762 1122 1823 traduci't‘,
1142 1766 1253 1812 circa
1272 1781 1383 1831 quos
1403 1761 1730 1814 Conuerfiones
1755 1781 1877 1831 expe-

597 1834 802 1883 diuuturt
830 1831 1038 1881 Similiter
1053 1849 1221 1899 magno
1243 1832 1387 1880 studio
1410 1849 1620 1902 appetunt
1643 1837 1881 1891 Homines,

596 1904 790 1970 aliquem
811 1900 964 1951 habere
995 1905 1104 1949 intra
1128 1901 1167 1949 se
1186 1903 1521 1967 Cogitationum
1546 1903 1783 1960 Atlantem,
1807 1917 1884 1950 aut

599 1972 747 2032 Polos,
777 1975 857 2040 qui
876 1969 1128 2020 Intellectfis
1141 1969 1460 2020 Flustuationes
1484 1977 1530 2018 ὃς
1545 1975 1788 2041 Vertigines
1809 1970 1886 2023 ali-

601 2039 815 2112 quatenus
828 2055 1001 2109 regant,
1023 2042 1253 2092 Timentes
1277 2039 1461 2100 scilicet,
1482 2058 1537 2089 ne
1560 2043 1745 2092 Coelum
1772 2042 1882 2110 ipso-

599 2128 697 2162 rum
723 2128 828 2160 ruat.
873 2115 1027 2179 ltaque
1047 2112 1104 2158 ad
1123 2111 1342 2179 Principia
1365 2114 1647 2161 scientiarum
1670 2110 1881 2160 constitu-

603 2180 713 2232 enda
723 2177 995 2249 praepropere
1007 2176 1258 2228 festinarunt
1273 2205 1285 2239 5
1310 2183 1422 2229 circa
1433 2197 1534 2249 quae
1553 2184 1703 2230 omnis
1725 2179 1886 2248 Dispu-

605 2254 826 2302 tationum
853 2254 1029 2298 varietas
1059 2263 1303 2309 verteretur,
1316 2245 1408 2299 fine
1434 2251 1631 2319 periculo
1657 2252 1815 2301 Ruinae
1837 2257 1884 2301 &

606 2322 743 2371 Casus
767 2339 779 2368 ε
832 2319 1080 2370 Nescientes
1090 2315 1291 2387 profectb
1302 2337 1420 2380 eum,
1434 2325 1513 2388 qui
1525 2337 1636 2370 certa
1646 2325 1777 2371 nimis
1786 2335 1884 2390 pro-

608 2389 707 2461 pere
717 2393 967 2458 captauerit,
991 2393 1037 2437 in
1052 2386 1198 2453 dubijs
1212 2387 1437 2439 finiturum
1448 2409 1465 2445 ,-
1481 2395 1559 2459 qui
1569 2409 1718 2442 autem
1731 2395 1888 2442 [udici-

612 2480 690 2510 um
702 2457 957 2528 tempestiue
969 2455 1225 2516 cohibuerit,
1239 2457 1294 2508 ad
1310 2475 1423 2508 certa
1438 2476 1762 2527 peruenturum.

674 2529 960 2581 Manifestum
973 2528 1034 2579 est
1043 2533 1184 2596 igitur,
1193 2531 1326 2578 Artem
1339 2526 1451 2578 hanc
1462 2535 1678 2582 Iudicandi
1680 2546 1759 2601 per
1770 2536 1887 2594 8)·Πο-

608 2603 796 2663 gismum,
821 2599 1060 2651 nihilaliud
1083 2598 1324 2668 esse‚quam
1345 2599 1670 2652 ReduCtiouem
1689 2596 1885 2674 Propofi·

619 2672 793 2718 tionum
803 2671 857 2721 ad
873 2673 1102 2738 Principia,
1121 2685 1194 2738 per
1204 2669 1380 2718 Medios
1394 2675 1615 2722 Terminos.
1680 2670 1888 2737 Principia
1931 2727 1933 2733 Ι

619 2754 767 2787 autem
781 2739 989 2790 consensu
1003 2755 1174 2806 recepta
1197 2738 1511 2808 intelliguntur,
1530 2759 1664 2814 atque
1675 2741 1890 2805 {Qaesti-
1932 2789 1934 2792 ,

1806 2827 1891 2860 one
