2082 3272
408 288 485 343 70

866 262 959 323 De
978 262 1255 349 Augmencz}
1281 266 1643 324 Scientz'aruw

616 410 715 459 rum
728 407 946 478 Improbo
960 409 1028 458 vel
1044 406 1237 458 maxime
1251 412 1525 456 Tenuitatem
1553 408 1892 476 Stipendio'rum,

616 478 945 529 Praeledffiribus
956 476 1045 528 siue
1061 479 1246 538 Artium,
1265 475 1354 527 siue
1368 473 1892 545 Profeffionum,(praeler-

617 549 698 599 tim
712 550 830 618 apud
845 555 942 609 nos)
956 547 1220 618 affignatam.
1263 546 1442 597 Interest
1456 553 1572 596 enirn
1584 551 1777 617 inprimis
1790 565 1892 615 pro-

619 620 833 689 gressfisin
849 623 1058 681 Scientiis,
1073 635 1122 667 vt
1132 620 1330 667 Le&ores
1352 623 1397 667 in
1417 636 1701 689 vnoquoque
1723 635 1890 685 genere,

618 710 666 739 ex
677 694 853 759 optimis
876 685 1294 757 instrutstiffimisque
1322 688 1557 756 eligantur3
1594 704 1746 757 vtpote
1775 706 1890 757 quo-

614 779 713 810 rum
728 778 870 830 opera,
897 778 993 809 non
1005 764 1051 808 in
1066 758 1190 809 vsum
1203 753 1514 816 transitorium,
1535 758 1604 806 sed
1617 759 1674 808 ad
1683 751 1891 807 sufficien-

617 832 721 882 dani
742 829 955 880 Sobolern
973 833 1166 879 Scientiae
1188 832 1235 878 in
1265 828 1402 877 secula
1422 825 1687 878 adhibeatur.
1722 828 1775 876 ld
1798 825 1889 877 fieri

616 904 781 971 nequit,
817 897 899 949 nisi
919 902 1112 960 Praernia,
1161 906 1207 948 ὃς
1245 898 1522 948 conditiones
1550 898 1652 946 tales
1683 897 1891 947 constitu—

615 987 755 1030 antur,
769 969 930 1039 quibus
943 965 1300 1018 eminentissimus
1316 969 1502 1036 quisque
1512 972 1557 1016 in
1569 969 1618 1016 ea
1628 969 1745 1028 Arte,
1788 965 1890 1017 lane

616 1055 846 1090 contentus
858 1038 940 1087 effe
950 1035 1079 1106 poffit
1092 1064 1104 1099 ς
1140 1053 1187 1086 vt
1206 1037 1268 1086 illi
1286 1037 1466 1086 demum
1480 1055 1611 1106 graue
1633 1055 1727 1086 non
1749 985 1820 1097 gt,
1844 1043 1889 1087 in

618 1111 778 1158 eodem
814 1126 996 1158 munere
1017 1111 1200 1158 immori
1220 1144 1234 1166 ,
1273 1124 1419 1175 neque
1449 1109 1689 1156 Pradiicam
1717 1112 1892 1174 cogitet.

620 1184 841 1245 roirca
860 1181 1055 1227 Scientiae
1065 1193 1113 1226 vt
1137 1174 1334 1233 floreant,
1361 1174 1562 1223 Militaris
1576 1179 1662 1223 Lex
1683 1174 1892 1226 seruanda

547 1297 549 1300 ,
621 1249 804 1299 Dauidis
818 1271 835 1305 3
857 1253 912 1294 Vt
922 1253 1035 1310 acqua
1058 1245 1147 1310 effi‘t
1150 1256 1251 1310 pars
1273 1246 1539 1308 descendentis
1557 1247 1612 1292 ad
1613 1248 1810 1311 praelium,
1833 1249 1890 1297 ἐς*

619 1321 812 1365 manentis
824 1319 879 1363 ad
893 1319 1085 1364 Sarcinas
1100 1337 1115 1372 3
1158 1318 1340 1364 Sarcinis
1357 1313 1472 1363 male
1484 1312 1603 1362 aliter
1611 1317 1890 1384 prospestum

620 1390 711 1437 erit.
751 1390 818 1435 Sic
828 1387 1029 1433 Lccstores
1045 1389 1090 1432 in
1105 1387 1259 1432 Scicnti
1264 1388 1299 1447 js
1312 1384 1411 1432 sunt
1425 1399 1638 1454 tanquam
1651 1387 1892 1436 Conserua-

618 1474 746 1514 tores,
780 1463 825 1503 &
853 1452 1070 1504 Custodes
1094 1456 1228 1502 totius
1243 1455 1433 1518 Literarij
1470 1456 1714 1524 Apparatus
1731 1493 1745 1515 ,
1777 1457 1893 1507 vnde

617 1528 759 1574 Praxis
776 1531 821 1572 &
832 1523 996 1573 Militia
1006 1523 1207 1593 deinceps
1224 1527 1508 1573 Scientiarum
1520 1523 1773 1575 instruatur:
1788 1526 1894 1575 Pro·-

614 1596 716 1646 inde
725 1613 905 1666 aequum
920 1593 995 1655 est,
1007 1610 1054 1643 vt
1062 1596 1232 1645 Merces
1241 1593 1430 1663 ipsorum
1440 1596 1581 1644 Lucra
1592 1596 1891 1646 Prasticorum

619 1684 847 1738 exaequare
869 1661 1009 1734 poffit.
1051 1663 1187 1714 Aliter
1200 1661 1234 1713 fi
1255 1662 1453 1715 Patribus
1477 1669 1757 1716 Scientiarum
1782 1669 1888 1717 Prae-

622 1743 710 1786 mia
722 1755 813 1786 non
823 1734 1141 1786 constituantur
1153 1735 1245 1786 satis
1258 1734 1418 1805 ampla,
1431 1741 1474 1784 δε
1484 1734 1714 1799 luculenta,
1726 1743 1893 1787 eueniet

618 1806 741 1867 illud,

774 1883 831 1928 Et
842 1884 1014 1928 Patrum
1026 1879 1199 1927 inualidi
1204 1877 1377 1937 refirent
1387 1880 1539 1926 ieiunia
1548 1881 1666 1926 Nati.

716 1944 955 1997 Defetstum
968 1966 1085 1997 nunc
1099 1944 1270 1996 notabo
1281 1947 1437 2005 alium,
1450 1952 1495 1996 in
1510 1966 1602 2016 quo
1620 1943 1894 2013 Alchymista

620 2015 835 2083 quispiam
845 2022 892 2064 in
903 2017 1112 2066 auxilium
1129 2016 1412 2066 aduocandus
1425 2015 1542 2065 foret
1553 2040 1568 2074 ,-
1583 2014 1688 2066 curn
1701 2018 1743 2066 id
1755 2034 1891 2084 genus

619 2087 877 2132 Hominum
890 2082 1101 2134 Studiosis
1118 2082 1336 2135 Authores
1354 2082 1449 2144 sint,
1465 2084 1677 2135 vtLibros
1689 2087 1893 2145 vendant,

620 2155 826 2200 Fornaces
841 2166 1051 2211 extruant,
1062 2154 1317 2200 Mineruam
1328 2170 1377 2201 ac
1389 2153 1569 2212 Malim(
1575 2171 1786 2225 tanquam
1799 2159 1894 2204 Vir-

620 2226 739 2289 gines
755 2220 1211 2281 Sterile3,)deserant,ac
1225 2221 1426 2290 Vulcano
1436 2221 1475 2271 se
1487 2222 1711 2291 applicent.
1744 2226 1889 2274 Faten-

619 2292 730 2343 dum
742 2289 804 2340 est
815 2291 1148 2351 enimuero,tam
1162 2291 1219 2340 ad
1232 2291 1461 2341 Penetralia
1479 2292 1890 2362 Contemplationis,

621 2362 758 2432 quam
788 2361 843 2411 ad
863 2364 1105 2430 Operatiuae
1128 2363 1349 2422 Fructum,
1367 2368 1412 2411 in
1430 2362 1656 2412 nonnullis
1684 2367 1889 2426 Scientiis,

625 2441 639 2491 (
652 2430 880 2501 praesertim
911 2431 1111 2482 Naturali
1134 2430 1431 2499 Philosophia,
1459 2440 1504 2481 δε
1520 2433 1755 2492 Medicina)
1771 2432 1888 2485 haud

630 2507 758 2552 vnica
766 2500 950 2552 subfidia
962 2499 984 2550 ὲ
998 2500 1136 2551 Libris
1152 2502 1338 2570 petenda
1350 2500 1445 2550 effe.
1510 2504 1613 2570 Q&
1626 2508 1670 2552 in
1684 2522 1730 2553 re
1755 2512 1890 2555 neuti-

628 2571 764 2637 quam
780 2571 975 2621 omnino
985 2571 1155 2621 cessauit
1167 2569 1475 2622 Munificentia
1485 2568 1741 2623 Hominum
1746 2580 1889 2645 5quip-

588 2697 601 2712 θ
628 2656 682 2706 pe
691 2640 890 2693 videmus
908 2661 1002 2692 non
1017 2640 1170 2692 Libros
1181 2647 1333 2709 magis,
1346 2661 1481 2711 quam
1496 2643 1888 2711 Sphaeras,Globos,

630 2707 890 2770 Astrolabia,
902 2715 1102 2779 Mappas‚
1114 2719 1159 2762 δε
1171 2712 1253 2761 alia
1266 2709 1419 2770 simila,
1445 2714 1759 2764 vtadminicula
1771 2730 1886 2781 quae-

630 2777 732 2829 dam
747 2779 1061 2838 Astronomiae,
1088 2790 1134 2829 &
1164 2780 1526 2852 cosmographiae
1549 2787 1804 2850 comparari,
1838 2791 1884 2833 δε

1737 2850 1882 2901 studio
