2132 3272
456 234 545 305 46
899 226 990 285 De
1016 227 1292 313 Augmentis
1320 233 1684 300 Setentzarum

672 366 885 421 Mentem,
902 379 952 410 ex
970 362 1237 429 generalibus
1252 368 1429 434 Regalis
1444 376 1656 437 Rationis,
1685 386 1731 427 δε
1752 381 1942 450 Legibus

673 434 888 480 Sermonis
912 433 1252 501 expromendam
1265 458 1282 494 ,-
1324 440 1404 488 Sed
1428 442 1561 509 porro
1587 450 1714 497 etiam
1736 451 1949 522 praecipue

669 501 818 550 Fidem
833 500 1025 552 nostram
1038 504 1233 567 reserans,
1243 522 1289 554 vt
1301 510 1347 555 in
1359 506 1509 561 seriam
1528 517 1821 581 ingrediamur
1830 525 1946 572 Om-

671 575 919 639 nipotentiae
942 568 1116 622 Diuinae
1138 574 1492 643 Meditationem,
1525 589 1645 634 cuius
1671 586 1948 644 Charasteres

673 640 1069 711 maximeinsculpti
1097 647 1185 692 eius
1209 645 1439 714 Operibus,
1467 660 1513 702 δε
1537 653 1661 705 incisi
1689 659 1795 707 sunt.
1827 664 1948 710 Tan·

671 727 763 759 tum
787 712 841 761 de
864 714 1036 761 Diuinis
1051 712 1353 778 Testimoniis,
1368 718 1419 782 ae
1431 722 1617 783 Iudiciis,
1637 743 1716 794 pro
1728 729 1829 778 ver&
1838 734 1951 800 Dig—

675 785 818 839 nitate,
834 779 878 830 8(
898 781 1042 835 Pretio
1054 786 1300 847 Dostrinae,
1321 787 1492 841 dierum
1520 788 1583 842 fit.

734 855 963 916 Qantum
976 852 1031 903 ad
1045 854 1257 904 Humana
1279 856 1566 924 Testimonia,
1591 871 1637 913 δε
1665 864 1951 935 Argumenta,

673 918 763 968 tam
787 921 895 969 latus
907 926 1094 988 aperitur
1114 924 1326 992 Campus,
1346 945 1394 976 vt
1415 934 1462 978 in
1474 935 1683 985 Tracstatu
1711 936 1799 989 hoc
1814 938 1953 1004 breui,

673 1000 719 1040 &
730 988 888 1056 presso,
902 989 1123 1039 delenitum
1136 996 1279 1060 potius
1293 993 1498 1049 adhibere
1509 1002 1672 1066 deceat,
1686 1026 1823 1077 quam
1835 1017 1955 1081 copi-

672 1070 761 1108 am.
799 1056 950 1108 Primo
977 1063 1124 1129 itaque
1143 1066 1348 1113 Summus
1380 1071 1495 1132 apud
1520 1071 1730 1122 Ethnicos
1752 1082 1954 1130 Honoris

671 1126 838 1177 Gradus
852 1124 946 1186 fuit,
967 1133 1179 1177 Diuinam
1200 1136 1553 1198 venerationem,
1565 1140 1840 1215 Cultumque
1850 1162 1957 1200 con-

670 1196 811 1265 sequi:
828 1196 996 1261 (Qod
1013 1196 1194 1263 quidem
1209 1198 1461 1252 Christianis
1478 1205 1538 1254 est
1552 1212 1762 1279 tanquam
1774 1218 1951 1270 fruetus

673 1270 828 1319 vetitus
845 1268 889 1327 ε)
928 1261 1065 1313 Nunc
1082 1268 1182 1314 vero
1206 1265 1439 1337 loquimur
1459 1274 1677 1344 separatim
1702 1283 1758 1333 de
1776 1287 1951 1356 Iudicijs

670 1325 898 1381 Humanis
913 1334 1100 1401 Itaque(
1115 1352 1160 1383 vt
1174 1344 1391 1405 coepimus
1409 1343 1577 1405 dicere)
1593 1352 1710 1419 apud
1730 1354 1954 1422 Ethnicos,

670 1402 741 1451 ille
755 1399 889 1471 quem
913 1404 1050 1450 Graeci
1063 1402 1310 1475 Apotheofin,
1323 1411 1460 1461 Latini
1474 1418 1724 1470 Relationem
1743 1428 1849 1476 inter
1872 1427 1952 1479 Di-

672 1489 743 1520 uos
765 1485 989 1531 vocarunt,
1013 1472 1242 1541 Supremus
1266 1479 1432 1531 Honor
1454 1480 1551 1546 fiiit,
1575 1492 1654 1555 qui
1682 1495 1876 1549 Homini
1896 1497 1955 1550 ab

672 1543 874 1591 Homine
887 1539 1016 1591 tribui
1023 1541 1159 1611 poffist
1182 1565 1193 1593 ε
1218 1548 1433 1615 presertim
1457 1552 1534 1605 vbi
1558 1562 1652 1608 non
1677 1560 1729 1612 eit
1746 1568 1952 1634 Decreta,

674 1626 747 1659 aut
758 1611 1085 1681 Edieioaliquo
1109 1615 1280 1685 Imperij
1310 1627 1325 1679 (
1343 1638 1389 1670 vt
1407 1623 1770 1702 Caesaribusapud
1784 1638 1954 1690 Roma·-

674 1698 755 1730 nos
770 1684 792 1746 )
816 1682 888 1732 sed
898 1700 950 1737 ex
964 1685 1191 1752 Opinione
1203 1690 1476 1755 Hominum,
1513 1703 1560 1747 δε
1574 1700 1676 1752 Fide
1700 1704 1878 1769 interna,
1892 1708 1954 1758 vl-

672 1750 744 1797 tro
757 1748 996 1805 deferretur.
1018 1754 1155 1805 Cuius
1179 1759 1381 1814 Honoris
1396 1780 1488 1815 tarn
1497 1767 1665 1829 excelfi,
1677 1775 1842 1825 Gradus
1853 1784 1952 1845 qui-

673 1819 778 1868 dam
791 1836 892 1880 erat,
911 1823 964 1876 Et
978 1827 1211 1876 Terminus
1230 1832 1413 1882 medius.
1453 1839 1625 1907 Qippe
1647 1841 1767 1911 supra
1777 1849 1949 1898 Huma-
2003 1908 2008 1915 ¹

674 1906 754 1937 nos
777 1893 1005 1954 Honores,
1034 1895 1217 1946 Heroici
1241 1901 1600 1968 numerabantur,
1622 1918 1669 1959 &
1695 1917 1880 1975 Diuini5
1904 1922 1951 1966 in

675 1976 869 2023 quorum
883 1962 1185 2014 distributione
1205 1965 1325 2020 hunc
1343 1974 1548 2026 ordinem
1573 1993 1748 2032 tenuere
1769 1988 1952 2037 Veteres.

675 2028 944 2092 Rerumpub.
990 2033 1257 2095 conditores,
1299 2040 1597 2107 Legissatores,
1637 2053 1955 2117 Tyrannicidae,

674 2096 811 2143 Patres
827 2095 988 2156 Patriae,
1003 2101 1173 2164 qusque
1192 2109 1237 2148 in
1248 2105 1374 2153 rebus
1395 2111 1594 2162 ciuilibus
1623 2119 1789 2185 optime
1811 2140 1952 2175 meru-
1983 2152 1985 2172 ;

675 2158 1009 2230 erunt,ins1gniti
1030 2165 1126 2213 sunt
1148 2170 1273 2218 titulo
1284 2173 1492 2227 Hereum
1515 2183 1704 2243 tantum,
1726 2207 1801 2239 aut
1814 2195 1950 2244 Semi·
1983 2196 1986 2239 i

675 2233 876 2293 deorum,
909 2233 1054 2301 quales
1083 2233 1204 2286 fuere
1237 2240 1416 2308 Theseus,
1449 2254 1603 2310 Minos,
1633 2260 1836 2320 Romulus,
1867 2283 1948 2314 cae-

676 2306 839 2372 terique
856 2324 867 2351 :
886 2307 944 2352 Ex
957 2303 1085 2353 alter&
1102 2306 1239 2369 Parte,
1261 2312 1511 2368 Inueutores
1526 2327 1571 2369 δε
1581 2324 1799 2379 Authores
1812 2350 1948 2385 noua·
1982 2331 1984 2354 ³

677 2390 776 2421 rum
792 2371 982 2430 Artium,
1005 2373 1171 2444 quique
1196 2382 1345 2432 Vitam
1368 2386 1628 2442 Humanam
1647 2402 1777 2448 nouis
1806 2402 1948 2455 Com-

681 2442 839 2502 modis,
864 2449 909 2493 δε
935 2442 1260 2498 Acceffionibus
1283 2450 1507 2519 dotarunt,
1530 2459 1695 2534 scmper
1714 2470 1947 2526 consecrati

680 2511 771 2558 sunt
783 2517 891 2562 inter
912 2518 1034 2566 Deos
1061 2516 1171 2585 ipsos
1196 2520 1404 2586 Maiores,
1431 2530 1557 2597 quod
1593 2541 1740 2597 Cereri,
1777 2545 1944 2603 Baccho,

679 2583 898 2640 Mercurio,
918 2591 1102 2652 Apollini,
1128 2594 1174 2636 &
1195 2589 1287 2655 alijs
1316 2600 1511 2665 contigit.
1547 2605 1686 2670 Qd
1705 2610 1825 2662 *certe
1841 2617 1940 2674 iure,

684 2647 839 2696 &lano
853 2668 957 2703 cum,
969 2655 1131 2707 iudicio
1142 2655 1312 2710 &Erum
1324 2663 1395 2713 est.
1442 2669 1564 2723 Nam
1589 2680 1784 2742 pn'orum
1809 2685 1941 2730 Bene-

682 2723 829 2767 merita
853 2725 964 2771 intra
979 2728 1120 2774 Vnius
1146 2732 1311 2793 AEtatis,
1346 2751 1418 2784 aut
1431 2740 1631 2793 Nationis
1649 2745 1819 2808 limites,
1849 2746 1939 2803 fere

1658 2832 1909 2869 coercentur
1919 2845 1937 2880 ‚-
1978 2885 1985 2898 ³
