2082 3272
850 236 943 297 De
961 236 1237 324 Augmentzk
1264 240 1300 299 S
1302 241 1628 300 cientiarum.)

600 388 655 430 eis
679 388 799 443 dedit,
831 384 1156 452 quodsperabcmt
1177 385 1505 447 longinquitatem
1530 386 1611 429 'vie
1634 380 1880 442 olstituram,

602 470 677 518 quo
699 457 830 505 minias
855 456 1053 501 calumnia
1069 456 1316 520 proderemr.
1357 456 1484 516 Euge,
1495 454 1640 517 inquit
1656 455 1759 510 Rex,
1769 457 1881 499 Stro-

595 525 699 590 phas
718 524 957 588 Arzstotelis,
969 541 1054 573 rem
1056 535 1136 589 pro
1146 524 1201 572 ὕ
1213 535 1350 569 contra
1367 524 1653 587 detorquentes.
1670 524 1879 569 Attamen

605 596 685 645 bac
706 596 812 665 ipsa,
827 612 963 665 quarn
975 597 1022 642 in
1036 596 1125 642 alio
1136 588 1351 660 carpebat,
1370 608 1470 651 arte,
1482 591 1589 641 cum
1603 610 1665 639 res
1682 589 1880 659 postula-

601 672 733 725 ret,in
750 664 1054 714 commodum
1075 663 1200 711 suum
1219 666 1295 722 vti,
1308 658 1451 729 probe
1463 678 1665 710 nouerat:
1683 665 1744 710 Ita
1761 666 1881 709 enim

599 737 819 795 accidit‚vt
831 732 1280 802 Callisthenes(quem
1297 731 1406 779 odio
1418 731 1533 780 clam
1545 730 1883 800 habebat,quod

601 819 731 855 nouae
743 811 831 856 eius
847 810 959 855 inter
972 808 1118 854 Diuos
1142 803 1368 852 Relationi
1379 801 1692 869 refragaretur)
1706 806 1750 850 in
1767 819 1882 871 quo-

597 877 701 926 dam
718 881 946 926 Conuiuio
962 891 1142 941 rogatus
1157 873 1269 932 esset,
1296 869 1354 920 ab
1377 870 1465 921 vna
1488 870 1884 928 discumbentibus,

597 963 645 995 vt
669 945 982 996 oblectationis
998 945 1150 1012 gratia,
1165 942 1283 999 (eum
1298 940 1397 990 effer
1414 947 1481 991 vir
1492 940 1880 1014 eloquentiffimus)

597 1015 770 1066 Thema
781 1014 969 1085 aliquod
983 1031 1067 1082 pro
1080 1012 1260 1062 arbitrio
1273 1008 1353 1060 sibi
1363 1011 1618 1073 sumeret,de
1630 1032 1725 1082 quo
1735 1010 1880 1063 subito

599 1086 755 1135 diceret
770 1108 782 1147 ;
796 1085 867 1134 ille
881 1101 1026 1134 autem
1041 1102 1256 1141 annuens,
1278 1089 1324 1127 δε
1346 1082 1495 1128 laudes
1508 1086 1661 1129 Gentis
1673 1084 1885 1131 Maccdo—

599 1160 706 1205 nicae
721 1153 1094 1223 eligenS,mirific0
1106 1169 1209 1201 cum
1223 1154 1435 1199 omnium
1448 1148 1658 1217 applausu
1669 1151 1878 1202 dissetuitz

600 1228 658 1275 At
680 1223 941 1306 neutiquam
966 1221 1055 1269 hoc
1071 1222 1306 1270 delectatus
1333 1219 1592 1280 Alexander,
1614 1219 1809 1283 subiecit,
1829 1229 1885 1272 In

598 1296 701 1345 hond
714 1311 848 1352 causa,
849 1292 983 1354 fitcile‘
995 1294 1057 1338 eft
1080 1290 1243 1338 cuilibet
1254 1289 1325 1354 effie
1338 1291 1549 1356 eloquenti,
1562 1296 1661 1357 quin
1670 1305 1803 1352 verte,
1819 1297 1886 1341 in-

601 1368 711 1435 quit,
727 1362 887 1425 stilum,
909 1364 964 1410 ὅθ’
988 1363 1090 1426 quid
1111 1374 1252 1409 contra
1271 1376 1342 1406 nos
1358 1362 1496 1425 possis,
1507 1364 1726 1409 audiamus.
1784 1363 1889 1413 Cal-

601 1433 803 1484 listhenes
829 1434 1063 1497 negotium
1087 1433 1131 1478 in
1159 1427 1200 1479 se
1220 1433 1404 1497 recepit,
1437 1430 1575 1497 idque
1596 1447 1688 1480 tam
1712 1431 1887 1495 acerbe,

600 1521 784 1574 tamque
793 1499 990 1550 aculeata}
1003 1498 1211 1567 praestitit,
1222 1515 1269 1551 vt
1278 1500 1521 1549 Alexander
1531 1500 1810 1569 interpellans
1821 1504 1889 1553 di-

600 1591 725 1635 ceret,
745 1571 889 1622 Etidm
900 1573 1032 1619 malus
1058 1574 1227 1631 animus,
1238 1586 1345 1638 »eque
1356 1587 1405 1619 ac
1417 1569 1521 1639 hena
1539 1572 1672 1640 cauffa
1683 1576 1789 1621 indit
1807 1561 1886 1624 ἑΙο-

599 1649 817 1713 quentiam.

670 1718 723 1765 ln
746 1713 1016 1775 Rhetoricis,
1036 1712 1093 1764 ad
1121 1720 1222 1786 qu'ae
1247 1716 1404 1782 Tropi,
1426 1715 1472 1762 &
1487 1728 1751 1762 ornamenta
1762 1716 1891 1783 perti-

602 1801 723 1844 nent,
751 1804 848 1833 ecce
860 1784 940 1834 tibi
966 1782 1336 1854 elegantiffimum
1351 1781 1627 1854 Metaphorae
1640 1783 1783 1844 Vsum,
1799 1782 1890 1852 qua

602 1855 886 1924 Antipatrum
916 1854 1218 1924 imperiosum,
1262 1862 1309 1901 δε
1334 1859 1619 1921 tyrannicum
1654 1851 1888 1902 Praefidem

600 1924 851 1990 perstrinxit.
877 1924 1000 1975 Cum
1013 1930 1136 1974 enim
1154 1927 1342 1974 Amicus
1356 1927 1545 1995 quidam
1560 1925 1784 1991 Antipatri
1797 1923 1890 1970 lau-

600 1994 720 2042 daret
746 2013 850 2043 eum
877 2015 1028 2046 coram
1056 1995 1328 2056 Alexandro,
1366 1994 1495 2065 quod
1518 2011 1610 2043 tam
1636 1996 1888 2044 moderatus

600 2062 718 2119 effer,
745 2082 893 2130 neque
909 2069 956 2114 in
979 2061 1217 2124 Perfimm,
1235 2080 1368 2131 prout
1390 2064 1462 2130 alij
1487 2062 1694 2123 Praefe&i;
1719 2064 1890 2121 luxum,

601 2130 812 2200 vsumque
837 2145 1058 2199 purpurae‚
1082 2137 1213 2178 veteri
1241 2132 1526 2178 Macedoniae
1549 2134 1718 2180 amiftu
1743 2146 1890 2190 exuto,

603 2201 891 2269 degeneraret,
916 2205 971 2249 At
992 2199 1117 2258 intas,
1139 2203 1288 2268 inquit
1308 2198 1566 2260 Alexander,
1590 2206 1807 2268 Antipater
1831 2199 1888 2263 est

597 2284 700 2320 totus
714 2281 950 2340 purpureus.
1005 2268 1150 2318 Etiam
1189 2275 1236 2316 ὃς
1270 2267 1342 2318 illa
1375 2268 1640 2339 Metaphora
1673 2267 1889 2340 insignis:

599 2340 721 2390 Cum
752 2342 983 2390 Parmenio
1002 2338 1059 2389 ad
1070 2357 1173 2389 eum
1187 2340 1419 2401 accederet,
1430 2344 1475 2390 in
1491 2344 1669 2409 Campis
1683 2340 1887 2401 Arbellae,

601 2415 730 2480 eique
748 2415 977 2479 ingentem
1004 2408 1202 2460 hostium
1229 2415 1465 2460 exercitum
1492 2410 1770 2473 monstraret,
1807 2416 1886 2484 qui

603 2481 744 2531 oculis
765 2481 989 2532 subiacens
1023 2483 1182 2541 noctu,
1214 2497 1387 2550 propter
1399 2479 1626 2532 infinitum
1650 2499 1884 2534 numerum

604 2554 794 2616 Ignium,
817 2552 954 2603 veluti
985 2551 1170 2603 alterum
1195 2555 1543 2602 Firmamentum
1579 2551 1802 2603 Stellatum
1825 2570 1887 2604 ro-

606 2620 891 2686 praelentabat,
914 2623 1107 2695 ideoque
1130 2622 1385 2684 consuleret,
1410 2639 1458 2673 vt
1475 2626 1717 2674 Noeturno
1732 2623 1883 2674 Praelio

607 2687 704 2737 illos
725 2693 970 2755 inuaderet,
994 2696 1116 2755 Nolo,
1136 2696 1291 2765 inquit
1310 2693 1568 2754 Alexander,
1586 2696 1882 2760 ficffumievi,

602 2762 784 2828 «florium,
1036 2786 1041 2795 =
1172 2770 1176 2798 ;
1220 2779 1225 2784 ·
1699 2781 1701 2783 ¹

1823 2833 1877 2881 In

300 2891 1910 2915 m
