2049 3272
281 185 296 188 -
347 238 465 301 294
822 210 913 271 ‘De
941 207 1217 292 Augmentis
1245 206 1609 266 Scientiarunz„

602 306 1862 324 Μ

590 368 699 409 cam;
732 346 802 396 vel
826 361 900 414 per
920 345 1144 408 Affebluum
1174 345 1411 391 Violentiam
1425 381 1438 402 ‚
1462 342 1588 411 quod
1614 342 1668 392 ad
1681 336 1871 391 Ethicam.

590 412 986 483 Quemadmodum
1025 414 1142 460 enim
1178 415 1225 461 in
1251 416 1483 478 Negotijs,
1523 428 1619 481 quat
1647 430 1749 462 cum
1782 412 1874 477 alijs

595 485 908 543 contrahimus,
930 485 1047 531 vinci
1062 484 1160 550 quis
1191 487 1236 528 &
1258 481 1432 551 perduci
1457 480 1571 541 solet,
1593 484 1661 531 vel
1682 481 1797 544 Astu,
1811 481 1877 531 vel
1901 544 1903 548 ,

594 560 916 624 Importunitate‚
935 552 1003 601 vel
1016 558 1058 600 V
1054 552 1303 607 emmerami,-
1325 556 1382 600 ita
1402 556 1530 600 etiam
1542 557 1587 600 in
1600 551 1673 600 illa
1694 555 1881 619 Negoti·
1900 608 1902 610 ¹

594 634 736 677 atione
747 624 1068 691 internaquam
1083 619 1313 669 nobiscum
1326 639 1656 680 exercemus,aut
1667 618 1878 687 Argumen-

595 711 722 748 torum
739 699 780 742 F
782 697 929 760 allacijs
950 689 1209 748 subruimur,
1238 706 1312 738 aut
1330 691 1622 756 Impressionum
1661 698 1705 739 ὃς
1729 692 1884 741 obuer-

585 769 788 834 sationum
797 769 831 811 A
826 765 1033 825 ssiduitate
1044 759 1325 809 sollicitamur
1337 766 1380 806 δε
1393 760 1698 827 inquietamur,
1723 778 1795 811 aut
1808 766 1843 809 A
1836 760 1882 821 fi

590 837 774 899 festucam
786 839 946 898 Impetu
969 833 1251 879 concutimur
1269 835 1315 878 &
1335 833 1534 898 rapimur.
1580 828 1743 900 Neque
1764 828 1883 890 vero,

603 923 691 955 tam
727 895 957 953 infeliciter
982 905 1118 966 agitur
1141 917 1244 947 cum
1267 899 1436 949 Natura
1455 900 1687 960 Humana,
1729 915 1778 950 vt
1804 900 1887 950 illae

608 978 731 1023 Artes
758 978 804 1018 &
836 969 1070 1017 Facultates
1092 967 1148 1015 ad
1178 970 1414 1016 Rationem
1437 966 1760 1019 deturbandam·
1779 969 1887 1019 vale-

605 1058 691 1102 ant,
714 1037 975 1106 neutiquam
998 1034 1100 1086 vero
1123 1036 1174 1085 ad
1184 1038 1364 1085 eandem
1385 1036 1679 1089 roborandam
1705 1037 1892 1089 &stabi-

608 1111 798 1161 liendam
812 1128 824 1157 t
840 1106 1006 1159 Verum
1020 1106 1074 1155 ad
1084 1103 1196 1155 hanc
1208 1124 1301 1155 rem
1316 1103 1452 1173 longe
1469 1112 1618 1176 magis.
1647 1113 1760 1158 Finis
1774 1113 1891 1159 enim

611 1183 845 1229 Dialefticae
883 1176 958 1235 est,
990 1176 1143 1225 docere
1164 1179 1366 1227 Formam
1396 1179 1804 1244 Argumentorurn5
1837 1178 1912 1228 ad.

612 1246 810 1300 Praesidia
830 1246 1098 1304 Intellectus,
1118 1263 1209 1293 non
1229 1245 1286 1294 ad
1309 1241 1499 1295 Insidias.
1530 1250 1644 1295 Finis
1667 1246 1824 1297 itidem
1835 1254 1891 1298 Ε-

614 1320 738 1377 thicae‚
751 1315 943 1366 Affectus
958 1320 1016 1364 ita
1029 1331 1315 1381 componere,
1326 1331 1376 1362 vt
1393 1317 1581 1364 Rationi
1594 1317 1790 1375 militent,
1799 1333 1892 1367 non

614 1406 759 1439 autern
786 1403 881 1436 eam
907 1385 1122 1433 inuadant.
1147 1386 1260 1431 Finis
1278 1383 1471 1452 denique
1489 1385 1727 1443 Rhetoricae‚
1749 1384 1892 1436 Phan-

613 1456 764 1509 tasiani
787 1453 967 1523 implere
991 1450 1387 1503 Obuersationibus
1412 1459 1458 1502 &
1480 1451 1776 1513 simulachris,
1797 1470 1896 1524 quae

615 1529 798 1587 Rationi
816 1524 1022 1595 suppetias
1046 1520 1182 1574 ferant
1198 1557 1213 1581 ,
1235 1540 1327 1573 non
1350 1540 1496 1573 autem
1518 1542 1616 1575 eam
1637 1528 1899 1596 opprimant.

612 1596 786 1648 Abusus
798 1600 921 1645 enim
932 1596 1047 1643 Artis
1056 1611 1105 1642 ex
1119 1591 1314 1663 obliquo
1325 1593 1497 1647 tantum
1509 1599 1818 1658 interueniunt,
1840 1594 1899 1645 ad

614 1666 896 1723 Cauendum,
906 1679 999 1714 non
1007 1664 1063 1714 ad
1075 1664 1319 1715 Vtendum.

675 1731 954 1805 Qapropter
976 1738 1023 1783 in
1049 1735 1231 1784 Platone
1251 1734 1422 1786 summa
1450 1733 1531 1787 fuit
1541 1739 1751 1807 Iniquiras
1774 1736 1898 1801 (licet
1924 1743 1925 1746 ’

614 1823 665 1854 ex
690 1823 785 1853 non
796 1809 1018 1851 immerito
1030 1822 1131 1869 erga
1141 1805 1340 1853 Rhetores
1352 1805 1414 1852 sui
1426 1810 1632 1873 temporis
1648 1806 1758 1854 odio
1772 1805 1896 1867 orta)

613 1873 718 1924 curn
740 1873 998 1921 Rhetoricam
1030 1876 1140 1920 inter
1171 1872 1295 1919 Artes
1326 1872 1608 1940 Voluptarias
1631 1873 1898 1923 collocauit:

614 1946 724 1991 Eam
745 1939 931 1988 fimilem
955 1938 1034 1987 effe
1056 1940 1201 1988 dicens
1227 1945 1488 2006 aquinari-e,
1511 1958 1612 2009 quae
1633 1958 1727 1992 non
1751 1940 1898 1992 minus

615 2009 755 2061 Cibos
771 2006 952 2058 salubres
966 2013 1271 2078 corrumperet,
1290 2007 1431 2079 quam
1451 2008 1681 2061 insalubres
1694 2016 1898 2081 gratiores

614 2081 821 2138 redderet,
841 2077 1249 2129 Condimentorum
1283 2083 1495 2130 Varietate
1516 2087 1563 2129 &
1583 2081 1765 2148 Delicijs
1787 2079 1897 2132 abu-

617 2167 722 2200 tens.
763 2145 888 2197 Abfit
909 2164 1071 2208 autem,
1092 2164 1141 2197 vt
1167 2151 1326 2197 Oratio
1350 2167 1446 2198 non
1474 2148 1746 2220 frequentius
1768 2153 1896 2200 verle-

618 2231 701 2279 tur,
722 2223 768 2269 in
791 2214 942 2266 Rebus
955 2214 1146 2266 honestis
1158 2217 1378 2278 ornandis,
1397 2217 1591 2286 quamin
1604 2219 1799 2291 turpibus
1820 2220 1901 2271 ob-

620 2288 831 2340 linendis:
852 2291 960 2337 Hoc
979 2291 1095 2337 enim
1117 2283 1451 2358 vbiquepraesto
1468 2289 1551 2339 est:
1576 2288 1801 2360 Siquidem
1826 2310 1898 2341 ne„

624 2377 704 2408 mo
715 2357 791 2419 est,
811 2361 921 2427 quin
932 2355 1153 2408 honestius
1174 2357 1394 2426 loquatur,
1416 2375 1552 2427 quam
1565 2360 1899 2420 autsentiat‚aut

624 2426 761 2478 faciat.
819 2424 928 2476 Sane
952 2424 978 2474 ὲ
1000 2426 1263 2493 Thucydide
1287 2428 1454 2497 optime
1477 2445 1681 2480 notatum
1713 2430 1787 2493 est,
1816 2432 1898 2482 tale

628 2498 855 2568 quidpiam
880 2493 1057 2546 solitum
1094 2492 1216 2545 fuiffe
1244 2493 1383 2566 obijci
1407 2499 1593 2559 Cleoni3
1631 2495 1760 2569 quod
1791 2502 1894 2552 cum

631 2571 790 2636 semper
800 2567 1057 2617 deteriorem
1069 2581 1236 2635 partem
1252 2582 1451 2631 tueretur,
1473 2576 1520 2620 in
1537 2568 1627 2619 hoc
1652 2571 1818 2621 multus
1840 2568 1893 2620 esl

631 2636 703 2695 set,
725 2654 772 2686 vt
793 2637 1108 2705 Eloquentiam
1144 2643 1192 2684 &
1226 2641 1445 2688 Sermonis
1473 2644 1658 2708 gratiam
1692 2642 1893 2706 carperet:

632 2702 776 2754 Probe
788 2711 948 2775 quippe
967 2703 1071 2755 cum
1084 2705 1218 2767 sciret,
1235 2705 1426 2759 derebus
1451 2709 1627 2762 sordidis
1639 2718 1685 2760 &
1696 2707 1894 2776 indignis,

1799 2794 1894 2825 non
