2049 3272
360 252 466 309 288

796 240 887 300 De
915 237 1191 322 Augmentis
1219 235 1585 295 Scientiarum„

564 374 943 490 lidelinlstrustum
982 372 1037 421 ad
1072 368 1348 420 scribendum
1378 367 1636 437 perspexerit.
1700 368 1761 415 At
1793 334 1838 418 in

566 452 709 492 Meno
737 449 772 491 is
781 466 797 501 ,-

826 514 1124 577 Tantumfi’ries
1138 514 1531 576 iuncffuraquepoffet,

683 587 855 631 Tantum
867 587 916 630 de
924 586 1053 631 medio
1051 584 1223 646 sumptis
1237 584 1389 628 accedit
1403 583 1578 628 Honoris
1590 601 1606 636 3

564 659 623 703 Vt
637 658 829 720 Speciem
843 655 972 710 Artis,
994 650 1137 700 nescio
1154 653 1291 708 cuius,
1308 648 1536 717 praeclarae,
1555 642 1844 718 saepenumero

560 739 782 791 reportent
794 741 854 782 ea,
880 740 979 791 quae
1004 718 1036 768 si
1058 719 1278 769 soluantur
1294 757 1307 776 ,
1335 718 1616 785 segregentur,
1643 728 1687 769 ὃς
1714 716 1842 764 denu-

563 794 742 852 dentur,
778 792 833 841 ad
867 792 1056 841 nihilum
1077 786 1166 838 fere
1199 793 1386 837 recasura
1412 786 1569 835 forent.
1627 781 1855 842 Secundo,-

563 868 747 912 Traditio
773 862 1031 919 Methodica‚
1073 860 1130 909 ad
1155 858 1304 907 Fidem
1333 864 1378 906 δε
1409 856 1682 905 Consensum
1709 853 1849 914 valet;

567 934 637 981 Ad
671 932 964 981 Indicationes
998 932 1052 979 de
1082 932 1203 977 Praxi
1237 928 1383 975 minus
1407 931 1553 978 innuit
1561 948 1578 983 ,-
1617 922 1849 995 Siquidem

564 1000 1001 1049 Demonstrationem
1041 998 1270 1066 quandam
1294 1001 1340 1044 in
1363 994 1483 1046 Orbe
1507 995 1740 1064 praesefert,
1758 1011 1851 1062 pars

563 1069 679 1133 tibus
710 1068 749 1118 se
772 1066 969 1118 inuicem
991 1064 1339 1116 illuminantibus
1354 1101 1368 1122 ‚
1401 1063 1584 1131 ideoque
1607 1065 1852 1115 Intellectui

562 1138 763 1189 satisfacit
794 1143 956 1205 magis,
993 1141 1098 1207 quia
1133 1131 1236 1183 vero
1268 1136 1479 1184 Aetiones
1512 1140 1559 1183 in
1594 1132 1700 1187 'Vita
1733 1153 1852 1186 com-

565 1209 994 1277 muni-sparguntur,
1036 1221 1129 1252 non
1165 1204 1326 1252 ordine
1371 1221 1714 1269 componuntur,
1748 1203 1851 1255 ideo

564 1283 702 1345 magis
738 1278 889 1343 ijfdem
922 1273 1187 1323 conducunt
1223 1271 1352 1322 etiam
1390 1271 1525 1340 sparsa
1557 1278 1854 1323 Documenta.

563 1345 810 1404 Postremo,
849 1344 1076 1408 Aphorismi
1092 1380 1105 1399 ‚
1147 1338 1253 1389 cum
1300 1347 1581 1391 Scientiarum
1624 1346 1851 1393 Portiones

562 1417 775 1486 quasdam
814 1419 859 1459 &
894 1409 1020 1479 quasi
1058 1409 1199 1459 Frusta
1233 1408 1406 1460 tantum
1439 1407 1700 1469 exhibeant,
1739 1418 1854 1463 inui-

562 1503 677 1546 tant,
712 1501 760 1533 vt
781 1481 850 1546 alij
871 1480 1004 1529 etiam
1027 1477 1198 1550 aliquid
1223 1480 1425 1546 adijciant
1449 1486 1496 1530 ὅ(
1519 1496 1726 1550 erogent,
1751 1487 1856 1533 Tra*

561 1557 670 1605 ditio
697 1550 800 1603 vero
825 1552 1082 1609 Methodica,
1119 1549 1229 1599 dum
1244 1555 1468 1602 Scientiam
1484 1555 1700 1620 integram
1713 1551 1858 1603 osten-

562 1641 637 1683 tat,
659 1624 827 1673 securos
849 1618 966 1671 illico
990 1624 1211 1671 Homines
1236 1622 1389 1685 reddit,
1418 1619 1546 1695 quasi
1561 1626 1649 1675 iam
1670 1627 1854 1674 Summa

564 1695 757 1761 adeptos.

639 1768 840 1830 Sequitur
868 1761 988 1813 aliud
1012 1761 1200 1812 Methodi
1218 1760 1476 1823 Discrimen,
1498 1760 1648 1830 magni
1676 1759 1856 1814 &illud

565 1850 748 1902 quoque
781 1836 1021 1890 momenti;
1058 1830 1163 1879 cum
1190 1831 1347 1879 scilicet
1388 1836 1582 1880 Scientiae
1616 1831 1858 1893 traduntur,

563 1921 635 1951 aut
662 1917 735 1966 per
753 1901 993 1965 Affi’rtiones
1013 1902 1178 1948 adistis
1193 1899 1511 1964 probationibus,
1543 1916 1618 1959 aut
1638 1918 1711 1968 per
1732 1904 1854 1966 Qa-

551 1971 705 2035 stiones
737 1969 828 2018 vnd
852 1985 940 2015 cum
965 1966 1386 2022 Determinationibus.
1446 1969 1579 2018 Hanc
1612 1985 1758 2018 autem
1777 1987 1858 2037 po-

567 2040 785 2088 steriorem
814 2037 1052 2087 Methodum
1079 2032 1113 2083 fi
1151 2034 1484 2086 immoderatius
1507 2042 1607 2107 quis
1638 2039 1854 2108 persequa-

570 2127 660 2167 tur;
687 2111 971 2156 Scientiarum
985 2102 1205 2155 Profestui
1219 2124 1313 2156 nou
1328 2104 1471 2156 minus
1480 2105 1548 2157 illa
1558 2104 1851 2176 officit,quam

567 2182 766 2228 Fortunis
795 2182 840 2223 δε
873 2173 1164 2241 Progressibus
1200 2177 1419 2223 Exercitus
1454 2175 1690 2245 cuiuspiam
1715 2182 1856 2246 impe·

571 2249 774 2297 dimento
800 2252 845 2294 &
869 2244 1037 2294 damno
1049 2242 1179 2303 foret,
1198 2240 1293 2294 siin
1309 2248 1488 2294 minutis
1503 2244 1753 2315 quibusque
1773 2251 1853 2296 Ca-

571 2317 696 2367 stellis
727 2332 803 2366 aut
826 2314 1009 2383 Oppidis
1029 2314 1332 2382 expugnandis
1358 2313 1546 2365 subinde
1572 2315 1738 2366 haereat.
1797 2318 1852 2364 E-

572 2385 709 2437 tenim
736 2384 769 2435 fi
793 2391 889 2456 quis
911 2389 957 2432 in
991 2383 1096 2433 Acie
1120 2381 1171 2432 sit
1200 2384 1414 2453 superior,
1450 2391 1494 2433 &
1531 2384 1711 2436 summae
1746 2386 1850 2438 Belli

565 2455 718 2507 ‘sedulo
741 2452 993 2514 incumbat,
1027 2458 1197 2502 minora
1233 2453 1305 2503 illa
1326 2452 1423 2503 loca
1456 2453 1572 2504 vltro
1597 2456 1639 2505 se
1668 2453 1850 2506 submit-

575 2542 697 2577 tent:
736 2525 849 2576 lllud
883 2541 1026 2574 tamen
1059 2522 1224 2573 inficias
1276 2540 1370 2572 non
1404 2530 1551 2586 ierim,
1583 2523 1753 2577 Vrbem
1777 2525 1858 2576 ali-v

579 2613 714 2664 quam
730 2613 938 2665 magnam
955 2602 999 2643 &
1013 2600 1248 2653 munitam,
1266 2592 1291 2642 Ξι
1311 2609 1433 2662 tergo
1448 2596 1705 2668 relinquere,
1715 2594 1846 2647 haud-

581 2666 807 2732 quaquam
831 2662 998 2734 semper
1024 2680 1169 2714 tutum
1195 2663 1279 2713 effe
1298 2684 1312 2711 :
1345 2666 1515 2715 Eodem
1538 2667 1701 2729 modo,
1729 2671 1845 2715 Con-

579 2732 858 2787 futationibus
868 2741 914 2788 in
930 2739 1209 2786 Scientiarum
1230 2734 1487 2786 Traditione
1504 2735 1843 2807 temperandum,

1704 2822 1732 2867 ¹1
1739 2802 1856 2871 sque
