<?xml version="1.0" encoding="UTF-8"?>
<!DOCTYPE html PUBLIC "-//W3C//DTD XHTML 1.0 Transitional//EN"
    "http://www.w3.org/TR/xhtml1/DTD/xhtml1-transitional.dtd">
<html xmlns="http://www.w3.org/1999/xhtml" xml:lang="en" lang="en">
 <head>
  <title>
</title>
<meta http-equiv="Content-Type" content="text/html;charset=utf-8" />
  <meta name='ocr-system' content='tesseract 3.04.00' />
  <meta name='ocr-capabilities' content='ocr_page ocr_carea ocr_par ocr_line ocrx_word'/>
</head>
<body>
  <div class='ocr_page' id='page_1' title='image "./operafrancisciba00baco/operafrancisciba00baco_0151.png"; bbox 0 0 2065 3305; ppageno 0'>
   <div class='ocr_carea' id='block_1_1' title="bbox 1484 350 1724 358">
    <p class='ocr_par' dir='ltr' id='par_1_1' title="bbox 1484 350 1724 358">
     <span class='ocr_line' id='line_1_1' title="bbox 1484 350 1724 358; baseline 0 2947"><span class='ocrx_word' id='word_1_1' title='bbox 1484 350 1724 358; x_wconf 95' lang='lat' dir='ltr'> </span> 
     </span>
    </p>
   </div>
   <div class='ocr_carea' id='block_1_2' title="bbox 137 351 1414 369">
    <p class='ocr_par' dir='ltr' id='par_1_2' title="bbox 137 351 1414 369">
     <span class='ocr_line' id='line_1_2' title="bbox 137 351 1414 369; baseline 0 2936"><span class='ocrx_word' id='word_1_2' title='bbox 137 351 1414 369; x_wconf 95' lang='lat' dir='ltr'> </span> 
     </span>
    </p>
   </div>
   <div class='ocr_carea' id='block_1_3' title="bbox 109 221 1646 389">
    <p class='ocr_par' dir='ltr' id='par_1_3' title="bbox 109 221 1646 389">
     <span class='ocr_line' id='line_1_3' title="bbox 109 221 1646 389; baseline -0.002 -78"><span class='ocrx_word' id='word_1_3' title='bbox 109 221 119 389; x_wconf 53' lang='grc' dir='ltr'>ί</span> <span class='ocrx_word' id='word_1_4' title='bbox 433 248 688 311; x_wconf 77' lang='lat' dir='ltr'>LissER</span> <span class='ocrx_word' id='word_1_5' title='bbox 755 248 1178 309; x_wconf 79' lang='lat' dir='ltr'>SECVNDVS.</span> <span class='ocrx_word' id='word_1_6' title='bbox 1554 270 1646 325; x_wconf 79' lang='lat'>127</span> 
     </span>
    </p>
   </div>
   <div class='ocr_carea' id='block_1_4' title="bbox 117 389 1427 2769">
    <p class='ocr_par' dir='ltr' id='par_1_4' title="bbox 117 389 1427 2769">
     <span class='ocr_line' id='line_1_4' title="bbox 151 389 1419 468; baseline -0.009 -17"><span class='ocrx_word' id='word_1_7' title='bbox 151 409 217 461; x_wconf 76' lang='lat' dir='ltr'>tis,</span> <span class='ocrx_word' id='word_1_8' title='bbox 242 418 374 468; x_wconf 86' lang='lat' dir='ltr'>quam</span> <span class='ocrx_word' id='word_1_9' title='bbox 391 416 436 445; x_wconf 83' lang='lat' dir='ltr'>ex</span> <span class='ocrx_word' id='word_1_10' title='bbox 452 392 576 444; x_wconf 56' lang='lat' dir='ltr'>Galea·</span> <span class='ocrx_word' id='word_1_11' title='bbox 600 395 797 440; x_wconf 79' lang='lat' dir='ltr'>Plutonis.</span> <span class='ocrx_word' id='word_1_12' title='bbox 835 389 1008 437; x_wconf 71' lang='lat' dir='ltr'>Eodem</span> <span class='ocrx_word' id='word_1_13' title='bbox 1033 389 1221 457; x_wconf 67' lang='lat' dir='ltr'>spectant</span> <span class='ocrx_word' id='word_1_14' title='bbox 1245 393 1419 440; x_wconf 71' lang='lat' dir='ltr'>Praetex-</span> 
     </span>
     <span class='ocr_line' id='line_1_5' title="bbox 153 460 1422 530; baseline -0.009 -9"><span class='ocrx_word' id='word_1_15' title='bbox 153 491 216 520; x_wconf 86' lang='lat' dir='ltr'>tus</span> <span class='ocrx_word' id='word_1_16' title='bbox 229 474 359 525; x_wconf 76' lang='lat' dir='ltr'>Varii,</span> <span class='ocrx_word' id='word_1_17' title='bbox 378 476 419 514; x_wconf 65' lang='grc' dir='ltr'>ἃ·</span> <span class='ocrx_word' id='word_1_18' title='bbox 434 460 768 530; x_wconf 74' lang='lat' dir='ltr'>Designationes</span> <span class='ocrx_word' id='word_1_19' title='bbox 783 461 1023 527; x_wconf 81' lang='lat' dir='ltr'>Ancipites,</span> <span class='ocrx_word' id='word_1_20' title='bbox 1039 467 1082 508; x_wconf 84' lang='lat'>&amp;</span> <span class='ocrx_word' id='word_1_21' title='bbox 1096 461 1233 507; x_wconf 76' lang='lat' dir='ltr'>Famae</span> <span class='ocrx_word' id='word_1_22' title='bbox 1248 462 1422 510; x_wconf 77' lang='lat' dir='ltr'>Emissa-</span> 
     </span>
     <span class='ocr_line' id='line_1_6' title="bbox 117 528 1423 608; baseline -0.008 -19"><span class='ocrx_word' id='word_1_23' title='bbox 117 536 122 552; x_wconf 78' lang='lat'>&#39;</span> <span class='ocrx_word' id='word_1_24' title='bbox 150 546 233 599; x_wconf 73' lang='lat' dir='ltr'>rix,</span> <span class='ocrx_word' id='word_1_25' title='bbox 246 557 342 608; x_wconf 76' lang='lat' dir='ltr'>quae</span> <span class='ocrx_word' id='word_1_26' title='bbox 357 537 525 586; x_wconf 81' lang='lat' dir='ltr'>Oculos</span> <span class='ocrx_word' id='word_1_27' title='bbox 541 534 796 581; x_wconf 83' lang='lat' dir='ltr'>Hominum</span> <span class='ocrx_word' id='word_1_28' title='bbox 814 546 885 577; x_wconf 82' lang='lat' dir='ltr'>aut</span> <span class='ocrx_word' id='word_1_29' title='bbox 900 528 1188 597; x_wconf 76' lang='lat' dir='ltr'>perstringunt</span> <span class='ocrx_word' id='word_1_30' title='bbox 1210 546 1284 577; x_wconf 78' lang='lat' dir='ltr'>aut</span> <span class='ocrx_word' id='word_1_31' title='bbox 1305 549 1423 579; x_wconf 79' lang='lat' dir='ltr'>auer-</span> 
     </span>
     <span class='ocr_line' id='line_1_7' title="bbox 150 597 1423 676; baseline -0.009 -16"><span class='ocrx_word' id='word_1_32' title='bbox 150 627 258 669; x_wconf 86' lang='lat' dir='ltr'>tunt,</span> <span class='ocrx_word' id='word_1_33' title='bbox 275 626 403 676; x_wconf 84' lang='lat' dir='ltr'>atque</span> <span class='ocrx_word' id='word_1_34' title='bbox 424 622 518 654; x_wconf 76' lang='lat' dir='ltr'>vera</span> <span class='ocrx_word' id='word_1_35' title='bbox 531 597 832 650; x_wconf 76' lang='lat' dir='ltr'>Confiliorum</span> <span class='ocrx_word' id='word_1_36' title='bbox 850 603 892 648; x_wconf 88' lang='lat' dir='ltr'>in</span> <span class='ocrx_word' id='word_1_37' title='bbox 910 597 1095 648; x_wconf 90' lang='lat' dir='ltr'>obscuro</span> <span class='ocrx_word' id='word_1_38' title='bbox 1111 615 1298 665; x_wconf 87' lang='lat' dir='ltr'>ponunt.</span> <span class='ocrx_word' id='word_1_39' title='bbox 1338 605 1423 648; x_wconf 84' lang='lat' dir='ltr'>Eti-</span> 
     </span>
     <span class='ocr_line' id='line_1_8' title="bbox 149 666 1423 740; baseline -0.01 -10"><span class='ocrx_word' id='word_1_40' title='bbox 149 682 221 730; x_wconf 66' lang='lat' dir='ltr'>am</span> <span class='ocrx_word' id='word_1_41' title='bbox 236 682 469 727; x_wconf 82' lang='lat' dir='ltr'>Cautiones</span> <span class='ocrx_word' id='word_1_42' title='bbox 493 673 720 740; x_wconf 79' lang='lat' dir='ltr'>diligentes</span> <span class='ocrx_word' id='word_1_43' title='bbox 737 681 781 720; x_wconf 66' lang='grc' dir='ltr'>δε</span> <span class='ocrx_word' id='word_1_44' title='bbox 797 666 1045 738; x_wconf 73' lang='lat' dir='ltr'>suspicaces,</span> <span class='ocrx_word' id='word_1_45' title='bbox 1075 670 1129 718; x_wconf 88' lang='lat' dir='ltr'>de</span> <span class='ocrx_word' id='word_1_46' title='bbox 1153 672 1297 718; x_wconf 72' lang='lat' dir='ltr'>Liteiis</span> <span class='ocrx_word' id='word_1_47' title='bbox 1313 708 1326 728; x_wconf 90' lang='lat'>‚</span> <span class='ocrx_word' id='word_1_48' title='bbox 1371 672 1423 719; x_wconf 90' lang='lat' dir='ltr'>de</span> 
     </span>
     <span class='ocr_line' id='line_1_9' title="bbox 149 739 1423 818; baseline -0.01 -19"><span class='ocrx_word' id='word_1_49' title='bbox 149 753 331 818; x_wconf 81' lang='lat' dir='ltr'>Legatis,</span> <span class='ocrx_word' id='word_1_50' title='bbox 351 747 405 796; x_wconf 89' lang='lat' dir='ltr'>de</span> <span class='ocrx_word' id='word_1_51' title='bbox 428 743 636 811; x_wconf 79' lang='lat' dir='ltr'>Perfugis,</span> <span class='ocrx_word' id='word_1_52' title='bbox 653 749 698 790; x_wconf 73' lang='grc' dir='ltr'>δε</span> <span class='ocrx_word' id='word_1_53' title='bbox 723 740 950 808; x_wconf 81' lang='lat' dir='ltr'>complura</span> <span class='ocrx_word' id='word_1_54' title='bbox 967 739 1047 788; x_wconf 82' lang='lat' dir='ltr'>alia</span> <span class='ocrx_word' id='word_1_55' title='bbox 1062 742 1227 787; x_wconf 77' lang='lat' dir='ltr'><em>Galeam</em></span> <span class='ocrx_word' id='word_1_56' title='bbox 1241 742 1423 788; x_wconf 83' lang='lat' dir='ltr'>Plutonis</span> 
     </span>
     <span class='ocr_line' id='line_1_10' title="bbox 149 807 1422 876; baseline -0.011 -7"><span class='ocrx_word' id='word_1_57' title='bbox 149 835 322 876; x_wconf 85' lang='lat' dir='ltr'>ornant,</span> <span class='ocrx_word' id='word_1_58' title='bbox 349 818 668 865; x_wconf 83' lang='lat' dir='ltr'>&amp;reuinciunr.</span> <span class='ocrx_word' id='word_1_59' title='bbox 715 816 776 859; x_wconf 80' lang='lat' dir='ltr'>At</span> <span class='ocrx_word' id='word_1_60' title='bbox 799 828 891 857; x_wconf 86' lang='lat' dir='ltr'>non</span> <span class='ocrx_word' id='word_1_61' title='bbox 916 807 1059 856; x_wconf 69' lang='lat' dir='ltr'>minus</span> <span class='ocrx_word' id='word_1_62' title='bbox 1088 809 1287 868; x_wconf 84' lang='lat' dir='ltr'>interest,</span> <span class='ocrx_word' id='word_1_63' title='bbox 1324 816 1422 857; x_wconf 77' lang='lat' dir='ltr'>Con—</span> 
     </span>
     <span class='ocr_line' id='line_1_11' title="bbox 136 877 1420 952; baseline -0.01 -14"><span class='ocrx_word' id='word_1_64' title='bbox 136 892 234 952; x_wconf 82' lang='lat' dir='ltr'>filia</span> <span class='ocrx_word' id='word_1_65' title='bbox 255 887 440 949; x_wconf 85' lang='lat' dir='ltr'>Hostium</span> <span class='ocrx_word' id='word_1_66' title='bbox 463 882 703 952; x_wconf 83' lang='lat' dir='ltr'>explorare,</span> <span class='ocrx_word' id='word_1_67' title='bbox 723 898 859 950; x_wconf 78' lang='lat' dir='ltr'>quam</span> <span class='ocrx_word' id='word_1_68' title='bbox 886 878 957 927; x_wconf 84' lang='lat' dir='ltr'>sua</span> <span class='ocrx_word' id='word_1_69' title='bbox 984 877 1210 928; x_wconf 83' lang='lat' dir='ltr'>occultate.</span> <span class='ocrx_word' id='word_1_70' title='bbox 1266 883 1420 947; x_wconf 89' lang='lat' dir='ltr'>Itaque</span> 
     </span>
     <span class='ocr_line' id='line_1_12' title="bbox 150 949 1421 1019; baseline -0.008 -13"><span class='ocrx_word' id='word_1_71' title='bbox 150 962 278 1007; x_wconf 70' lang='lat' dir='ltr'>Galeae</span> <span class='ocrx_word' id='word_1_72' title='bbox 301 959 488 1006; x_wconf 84' lang='lat' dir='ltr'>Plutonis</span> <span class='ocrx_word' id='word_1_73' title='bbox 502 953 834 1019; x_wconf 80' lang='lat' dir='ltr'>adiungendum</span> <span class='ocrx_word' id='word_1_74' title='bbox 850 949 909 996; x_wconf 83' lang='lat' dir='ltr'>est</span> <span class='ocrx_word' id='word_1_75' title='bbox 930 951 1139 1014; x_wconf 77' lang='lat' dir='ltr'><em>Speculum</em></span> <span class='ocrx_word' id='word_1_76' title='bbox 1153 952 1421 1016; x_wconf 70' lang='lat' dir='ltr'>palladis‚per</span> 
     </span>
     <span class='ocr_line' id='line_1_13' title="bbox 152 1014 1421 1098; baseline -0.011 -21"><span class='ocrx_word' id='word_1_77' title='bbox 152 1025 498 1098; x_wconf 67' lang='lat' dir='ltr'>quodi-{ostium</span> <span class='ocrx_word' id='word_1_78' title='bbox 514 1027 636 1081; x_wconf 87' lang='lat' dir='ltr'>vires,</span> <span class='ocrx_word' id='word_1_79' title='bbox 649 1023 819 1087; x_wconf 79' lang='lat' dir='ltr'>Inopia,</span> <span class='ocrx_word' id='word_1_80' title='bbox 845 1018 1024 1065; x_wconf 89' lang='lat' dir='ltr'>Occulti</span> <span class='ocrx_word' id='word_1_81' title='bbox 1054 1020 1266 1077; x_wconf 85' lang='lat' dir='ltr'>Fautores,</span> <span class='ocrx_word' id='word_1_82' title='bbox 1292 1014 1421 1065; x_wconf 84' lang='lat' dir='ltr'>Diffi-</span> 
     </span>
     <span class='ocr_line' id='line_1_14' title="bbox 150 1083 1421 1159; baseline -0.012 -11"><span class='ocrx_word' id='word_1_83' title='bbox 150 1100 221 1149; x_wconf 89' lang='lat' dir='ltr'>dia</span> <span class='ocrx_word' id='word_1_84' title='bbox 239 1105 282 1144; x_wconf 88' lang='lat'>&amp;</span> <span class='ocrx_word' id='word_1_85' title='bbox 293 1099 536 1152; x_wconf 68' lang='lat' dir='ltr'>Faetiones,</span> <span class='ocrx_word' id='word_1_86' title='bbox 548 1090 808 1159; x_wconf 77' lang='lat' dir='ltr'>Progressus,</span> <span class='ocrx_word' id='word_1_87' title='bbox 820 1083 1015 1136; x_wconf 82' lang='lat' dir='ltr'>Confilia</span> <span class='ocrx_word' id='word_1_88' title='bbox 1027 1104 1262 1135; x_wconf 81' lang='lat' dir='ltr'><strong>cernantur.</strong></span> <span class='ocrx_word' id='word_1_89' title='bbox 1347 1105 1421 1134; x_wconf 85' lang='lat' dir='ltr'>uo-</span> 
     </span>
     <span class='ocr_line' id='line_1_15' title="bbox 151 1155 1420 1224; baseline -0.009 -8"><span class='ocrx_word' id='word_1_90' title='bbox 151 1166 271 1216; x_wconf 67' lang='lat' dir='ltr'>niam</span> <span class='ocrx_word' id='word_1_91' title='bbox 286 1165 387 1215; x_wconf 75' lang='lat' dir='ltr'>vero</span> <span class='ocrx_word' id='word_1_92' title='bbox 403 1179 572 1214; x_wconf 89' lang='lat' dir='ltr'>tantum</span> <span class='ocrx_word' id='word_1_93' title='bbox 586 1161 871 1209; x_wconf 85' lang='lat' dir='ltr'>fortuitorum</span> <span class='ocrx_word' id='word_1_94' title='bbox 886 1155 1049 1224; x_wconf 81' lang='lat' dir='ltr'>suscipit</span> <span class='ocrx_word' id='word_1_95' title='bbox 1061 1156 1243 1217; x_wconf 88' lang='lat' dir='ltr'>Bellum,</span> <span class='ocrx_word' id='word_1_96' title='bbox 1282 1173 1327 1205; x_wconf 91' lang='lat' dir='ltr'>vt</span> <span class='ocrx_word' id='word_1_97' title='bbox 1343 1175 1420 1205; x_wconf 90' lang='lat' dir='ltr'>nec</span> 
     </span>
     <span class='ocr_line' id='line_1_16' title="bbox 149 1225 1424 1302; baseline -0.012 -14"><span class='ocrx_word' id='word_1_98' title='bbox 149 1243 196 1288; x_wconf 89' lang='lat' dir='ltr'>in</span> <span class='ocrx_word' id='word_1_99' title='bbox 212 1231 418 1298; x_wconf 80' lang='lat' dir='ltr'>Consilijs</span> <span class='ocrx_word' id='word_1_100' title='bbox 437 1235 622 1302; x_wconf 87' lang='lat' dir='ltr'>proprijs</span> <span class='ocrx_word' id='word_1_101' title='bbox 647 1228 915 1277; x_wconf 80' lang='lat' dir='ltr'>occultandis</span> <span class='ocrx_word' id='word_1_102' title='bbox 928 1265 942 1285; x_wconf 92' lang='lat'><em>,</em></span> <span class='ocrx_word' id='word_1_103' title='bbox 978 1230 1113 1274; x_wconf 86' lang='lat' dir='ltr'>necin</span> <span class='ocrx_word' id='word_1_104' title='bbox 1129 1225 1339 1275; x_wconf 87' lang='lat' dir='ltr'>Hostium</span> <span class='ocrx_word' id='word_1_105' title='bbox 1357 1245 1424 1274; x_wconf 82' lang='lat' dir='ltr'>ex-</span> 
     </span>
     <span class='ocr_line' id='line_1_17' title="bbox 146 1288 1425 1376; baseline -0.009 -20"><span class='ocrx_word' id='word_1_106' title='bbox 146 1304 467 1376; x_wconf 77' lang='lat' dir='ltr'>plorandis,ncc</span> <span class='ocrx_word' id='word_1_107' title='bbox 479 1306 523 1350; x_wconf 89' lang='lat' dir='ltr'>in</span> <span class='ocrx_word' id='word_1_108' title='bbox 535 1298 759 1349; x_wconf 84' lang='lat' dir='ltr'>Celeritate</span> <span class='ocrx_word' id='word_1_109' title='bbox 770 1288 868 1364; x_wconf 63' lang='lat' dir='ltr'>ipsa,</span> <span class='ocrx_word' id='word_1_110' title='bbox 879 1293 1070 1345; x_wconf 89' lang='lat' dir='ltr'>multum</span> <span class='ocrx_word' id='word_1_111' title='bbox 1082 1293 1250 1344; x_wconf 82' lang='lat' dir='ltr'>fiduciae</span> <span class='ocrx_word' id='word_1_112' title='bbox 1263 1314 1425 1364; x_wconf 88' lang='lat' dir='ltr'>ponen-</span> 
     </span>
     <span class='ocr_line' id='line_1_18' title="bbox 150 1365 1427 1433; baseline -0.011 -7"><span class='ocrx_word' id='word_1_113' title='bbox 150 1378 257 1427; x_wconf 88' lang='lat' dir='ltr'>dum</span> <span class='ocrx_word' id='word_1_114' title='bbox 279 1371 346 1433; x_wconf 82' lang='lat' dir='ltr'>fit,</span> <span class='ocrx_word' id='word_1_115' title='bbox 368 1370 467 1422; x_wconf 72' lang='lat' dir='ltr'>ideo</span> <span class='ocrx_word' id='word_1_116' title='bbox 480 1388 580 1420; x_wconf 85' lang='lat' dir='ltr'>ante</span> <span class='ocrx_word' id='word_1_117' title='bbox 592 1372 748 1418; x_wconf 86' lang='lat' dir='ltr'>omnia</span> <span class='ocrx_word' id='word_1_118' title='bbox 776 1365 1041 1416; x_wconf 87' lang='lat' dir='ltr'>sumendum</span> <span class='ocrx_word' id='word_1_119' title='bbox 1057 1369 1232 1413; x_wconf 76' lang='lat' dir='ltr'>Palladis</span> <span class='ocrx_word' id='word_1_120' title='bbox 1250 1371 1427 1424; x_wconf 80' lang='lat' dir='ltr'>Scutum‚</span> 
     </span>
     <span class='ocr_line' id='line_1_19' title="bbox 148 1434 1423 1507; baseline -0.01 -11"><span class='ocrx_word' id='word_1_121' title='bbox 148 1448 409 1496; x_wconf 77' lang='lat' dir='ltr'>Prouidentiae</span> <span class='ocrx_word' id='word_1_122' title='bbox 431 1442 600 1499; x_wconf 89' lang='lat' dir='ltr'>scilicet,</span> <span class='ocrx_word' id='word_1_123' title='bbox 615 1454 663 1487; x_wconf 91' lang='lat' dir='ltr'>vt</span> <span class='ocrx_word' id='word_1_124' title='bbox 679 1454 818 1507; x_wconf 89' lang='lat' dir='ltr'>quam</span> <span class='ocrx_word' id='word_1_125' title='bbox 845 1438 1084 1483; x_wconf 87' lang='lat' dir='ltr'>minimum</span> <span class='ocrx_word' id='word_1_126' title='bbox 1098 1438 1139 1481; x_wconf 87' lang='lat' dir='ltr'><strong><em>F</em></strong></span> <span class='ocrx_word' id='word_1_127' title='bbox 1140 1449 1287 1483; x_wconf 71' lang='lat' dir='ltr'>ortunae</span> <span class='ocrx_word' id='word_1_128' title='bbox 1298 1434 1423 1484; x_wconf 86' lang='lat' dir='ltr'>relin-</span> 
     </span>
     <span class='ocr_line' id='line_1_20' title="bbox 188 1501 1424 1579; baseline -0.012 -14"><span class='ocrx_word' id='word_1_129' title='bbox 188 1532 329 1565; x_wconf 79' lang='lat' dir='ltr'>uatur.</span> <span class='ocrx_word' id='word_1_130' title='bbox 367 1510 472 1562; x_wconf 75' lang='lat' dir='ltr'>Huc</span> <span class='ocrx_word' id='word_1_131' title='bbox 497 1514 726 1579; x_wconf 85' lang='lat' dir='ltr'>pertinent,</span> <span class='ocrx_word' id='word_1_132' title='bbox 748 1501 985 1574; x_wconf 76' lang='lat' dir='ltr'>Explorato</span> <span class='ocrx_word' id='word_1_133' title='bbox 1011 1508 1100 1552; x_wconf 90' lang='lat' dir='ltr'>vias</span> <span class='ocrx_word' id='word_1_134' title='bbox 1122 1507 1254 1563; x_wconf 87' lang='lat' dir='ltr'>inire,</span> <span class='ocrx_word' id='word_1_135' title='bbox 1275 1504 1424 1554; x_wconf 81' lang='lat' dir='ltr'>Castra</span> 
     </span>
     <span class='ocr_line' id='line_1_21' title="bbox 152 1534 1426 1654; baseline -0.01 -18"><span class='ocrx_word' id='word_1_136' title='bbox 152 1534 381 1654; x_wconf 54' lang='lat' dir='ltr'>diligent&amp;</span> <span class='ocrx_word' id='word_1_137' title='bbox 401 1586 571 1632; x_wconf 84' lang='lat' dir='ltr'>munire</span> <span class='ocrx_word' id='word_1_138' title='bbox 594 1576 799 1649; x_wconf 74' lang='lat' dir='ltr'>(quodin</span> <span class='ocrx_word' id='word_1_139' title='bbox 814 1573 976 1624; x_wconf 65' lang='lat' dir='ltr'>Militia</span> <span class='ocrx_word' id='word_1_140' title='bbox 995 1571 1210 1622; x_wconf 59' lang='lat' dir='ltr'>moderna</span> <span class='ocrx_word' id='word_1_141' title='bbox 1223 1577 1269 1622; x_wconf 89' lang='lat' dir='ltr'>in</span> <span class='ocrx_word' id='word_1_142' title='bbox 1283 1573 1426 1623; x_wconf 89' lang='lat' dir='ltr'>desue-</span> 
     </span>
     <span class='ocr_line' id='line_1_22' title="bbox 149 1640 1424 1717; baseline -0.012 -11"><span class='ocrx_word' id='word_1_143' title='bbox 149 1655 350 1706; x_wconf 85' lang='lat' dir='ltr'>tudinem</span> <span class='ocrx_word' id='word_1_144' title='bbox 365 1649 453 1703; x_wconf 65' lang='lat' dir='ltr'>fere</span> <span class='ocrx_word' id='word_1_145' title='bbox 477 1648 583 1717; x_wconf 87' lang='lat' dir='ltr'>abijt</span> <span class='ocrx_word' id='word_1_146' title='bbox 593 1672 608 1709; x_wconf 85' lang='lat'>,-</span> <span class='ocrx_word' id='word_1_147' title='bbox 645 1646 792 1698; x_wconf 91' lang='lat' dir='ltr'>Castra</span> <span class='ocrx_word' id='word_1_148' title='bbox 819 1642 921 1696; x_wconf 68' lang='lat' dir='ltr'>verb</span> <span class='ocrx_word' id='word_1_149' title='bbox 935 1644 1068 1693; x_wconf 89' lang='lat' dir='ltr'>instar</span> <span class='ocrx_word' id='word_1_150' title='bbox 1079 1640 1210 1694; x_wconf 88' lang='lat' dir='ltr'>Vrbis</span> <span class='ocrx_word' id='word_1_151' title='bbox 1222 1645 1424 1703; x_wconf 85' lang='lat' dir='ltr'>Munitae,</span> 
     </span>
     <span class='ocr_line' id='line_1_23' title="bbox 151 1714 1419 1783; baseline -0.011 -6"><span class='ocrx_word' id='word_1_152' title='bbox 151 1729 369 1778; x_wconf 82' lang='lat' dir='ltr'>Romanis</span> <span class='ocrx_word' id='word_1_153' title='bbox 391 1723 447 1773; x_wconf 84' lang='lat' dir='ltr'>ad</span> <span class='ocrx_word' id='word_1_154' title='bbox 467 1717 666 1772; x_wconf 80' lang='lat' dir='ltr'>aduersos</span> <span class='ocrx_word' id='word_1_155' title='bbox 683 1716 818 1783; x_wconf 84' lang='lat' dir='ltr'>Praelij</span> <span class='ocrx_word' id='word_1_156' title='bbox 845 1731 1024 1765; x_wconf 88' lang='lat' dir='ltr'>euentus</span> <span class='ocrx_word' id='word_1_157' title='bbox 1042 1720 1176 1771; x_wconf 85' lang='lat' dir='ltr'>erant)</span> <span class='ocrx_word' id='word_1_158' title='bbox 1200 1714 1326 1762; x_wconf 87' lang='lat' dir='ltr'>Acies</span> <span class='ocrx_word' id='word_1_159' title='bbox 1342 1714 1419 1763; x_wconf 86' lang='lat' dir='ltr'>sta-</span> 
     </span>
     <span class='ocr_line' id='line_1_24' title="bbox 149 1781 1422 1854; baseline -0.012 -7"><span class='ocrx_word' id='word_1_160' title='bbox 149 1797 200 1847; x_wconf 90' lang='lat' dir='ltr'>lis</span> <span class='ocrx_word' id='word_1_161' title='bbox 217 1803 263 1844; x_wconf 74' lang='grc' dir='ltr'>δε</span> <span class='ocrx_word' id='word_1_162' title='bbox 277 1795 494 1854; x_wconf 79' lang='lat' dir='ltr'>ordinata,</span> <span class='ocrx_word' id='word_1_163' title='bbox 508 1810 602 1841; x_wconf 90' lang='lat' dir='ltr'>non</span> <span class='ocrx_word' id='word_1_164' title='bbox 623 1787 815 1849; x_wconf 71' lang='lat' dir='ltr'>nimium</span> <span class='ocrx_word' id='word_1_165' title='bbox 828 1784 1009 1836; x_wconf 82' lang='lat' dir='ltr'>fidendo</span> <span class='ocrx_word' id='word_1_166' title='bbox 1029 1781 1303 1833; x_wconf 79' lang='lat' dir='ltr'>Cohortibus</span> <span class='ocrx_word' id='word_1_167' title='bbox 1317 1784 1422 1833; x_wconf 88' lang='lat' dir='ltr'>leuis</span> 
     </span>
     <span class='ocr_line' id='line_1_25' title="bbox 152 1853 1422 1929; baseline -0.01 -12"><span class='ocrx_word' id='word_1_168' title='bbox 152 1868 406 1923; x_wconf 86' lang='lat' dir='ltr'>Armaturae,</span> <span class='ocrx_word' id='word_1_169' title='bbox 430 1879 503 1914; x_wconf 91' lang='lat' dir='ltr'>aut</span> <span class='ocrx_word' id='word_1_170' title='bbox 516 1861 646 1912; x_wconf 64' lang='lat' dir='ltr'>etiam</span> <span class='ocrx_word' id='word_1_171' title='bbox 665 1864 878 1929; x_wconf 87' lang='lat' dir='ltr'>Equitum</span> <span class='ocrx_word' id='word_1_172' title='bbox 892 1858 1068 1906; x_wconf 87' lang='lat' dir='ltr'>Turmis</span> <span class='ocrx_word' id='word_1_173' title='bbox 1086 1878 1098 1913; x_wconf 84' lang='lat'><em>3</em></span> <span class='ocrx_word' id='word_1_174' title='bbox 1123 1853 1312 1925; x_wconf 90' lang='lat' dir='ltr'>denique</span> <span class='ocrx_word' id='word_1_175' title='bbox 1327 1872 1422 1904; x_wconf 87' lang='lat' dir='ltr'>om-</span> 
     </span>
     <span class='ocr_line' id='line_1_26' title="bbox 153 1925 1421 2003; baseline -0.011 -18"><span class='ocrx_word' id='word_1_176' title='bbox 153 1942 225 1984; x_wconf 88' lang='lat' dir='ltr'>nia</span> <span class='ocrx_word' id='word_1_177' title='bbox 238 1954 333 2003; x_wconf 83' lang='lat' dir='ltr'>quae</span> <span class='ocrx_word' id='word_1_178' title='bbox 344 1934 399 1983; x_wconf 85' lang='lat' dir='ltr'>ad</span> <span class='ocrx_word' id='word_1_179' title='bbox 409 1934 595 1983; x_wconf 83' lang='lat' dir='ltr'>solidam</span> <span class='ocrx_word' id='word_1_180' title='bbox 613 1939 656 1979; x_wconf 89' lang='lat'>&amp;</span> <span class='ocrx_word' id='word_1_181' title='bbox 674 1929 904 1979; x_wconf 87' lang='lat' dir='ltr'>sollicitam</span> <span class='ocrx_word' id='word_1_182' title='bbox 918 1925 1202 1976; x_wconf 78' lang='lat' dir='ltr'>Desenfiuam</span> <span class='ocrx_word' id='word_1_183' title='bbox 1217 1926 1421 1993; x_wconf 53' lang='lat' dir='ltr'>spestanq</span> 
     </span>
     <span class='ocr_line' id='line_1_27' title="bbox 153 1998 1419 2069; baseline -0.009 -17"><span class='ocrx_word' id='word_1_184' title='bbox 153 2003 256 2053; x_wconf 71' lang='lat' dir='ltr'>cum</span> <span class='ocrx_word' id='word_1_185' title='bbox 269 2003 363 2069; x_wconf 91' lang='lat' dir='ltr'>plus</span> <span class='ocrx_word' id='word_1_186' title='bbox 377 2001 513 2051; x_wconf 82' lang='lat' dir='ltr'>valeat</span> <span class='ocrx_word' id='word_1_187' title='bbox 524 2006 677 2069; x_wconf 88' lang='lat' dir='ltr'>vtique</span> <span class='ocrx_word' id='word_1_188' title='bbox 688 2004 734 2047; x_wconf 90' lang='lat' dir='ltr'>in</span> <span class='ocrx_word' id='word_1_189' title='bbox 750 1998 873 2046; x_wconf 85' lang='lat' dir='ltr'>Bellis</span> <span class='ocrx_word' id='word_1_190' title='bbox 889 2004 1055 2045; x_wconf 85' lang='lat' dir='ltr'>Scutum</span> <span class='ocrx_word' id='word_1_191' title='bbox 1075 1998 1265 2050; x_wconf 76' lang='lat' dir='ltr'>Palladis,</span> <span class='ocrx_word' id='word_1_192' title='bbox 1281 2011 1419 2059; x_wconf 82' lang='lat' dir='ltr'>quam</span> 
     </span>
     <span class='ocr_line' id='line_1_28' title="bbox 152 2065 1423 2138; baseline -0.011 -15"><span class='ocrx_word' id='word_1_193' title='bbox 152 2076 324 2122; x_wconf 83' lang='lat' dir='ltr'>Gladius</span> <span class='ocrx_word' id='word_1_194' title='bbox 344 2070 430 2138; x_wconf 89' lang='lat' dir='ltr'>ipse</span> <span class='ocrx_word' id='word_1_195' title='bbox 459 2074 623 2120; x_wconf 76' lang='lat' dir='ltr'>Martis.</span> <span class='ocrx_word' id='word_1_196' title='bbox 662 2066 829 2116; x_wconf 71' lang='lat' dir='ltr'>Verum</span> <span class='ocrx_word' id='word_1_197' title='bbox 851 2067 992 2128; x_wconf 77' lang='lat' dir='ltr'>Perseo</span> <span class='ocrx_word' id='word_1_198' title='bbox 1020 2077 1242 2130; x_wconf 75' lang='lat' dir='ltr'>ytcunque</span> <span class='ocrx_word' id='word_1_199' title='bbox 1273 2065 1423 2128; x_wconf 88' lang='lat' dir='ltr'>Copijs</span> 
     </span>
     <span class='ocr_line' id='line_1_29' title="bbox 153 2131 1422 2198; baseline -0.01 -5"><span class='ocrx_word' id='word_1_200' title='bbox 153 2159 226 2193; x_wconf 84' lang='lat' dir='ltr'>aut</span> <span class='ocrx_word' id='word_1_201' title='bbox 245 2145 422 2192; x_wconf 85' lang='lat' dir='ltr'>Animis</span> <span class='ocrx_word' id='word_1_202' title='bbox 443 2137 672 2193; x_wconf 62' lang='lat' dir='ltr'>instruero,</span> <span class='ocrx_word' id='word_1_203' title='bbox 691 2132 947 2184; x_wconf 81' lang='lat' dir='ltr'>restataliud</span> <span class='ocrx_word' id='word_1_204' title='bbox 963 2131 1191 2198; x_wconf 86' lang='lat' dir='ltr'>quidpiam</span> <span class='ocrx_word' id='word_1_205' title='bbox 1205 2169 1216 2189; x_wconf 90' lang='lat'>,</span> <span class='ocrx_word' id='word_1_206' title='bbox 1244 2136 1422 2180; x_wconf 80' lang='lat' dir='ltr'>maximi</span> 
     </span>
     <span class='ocr_line' id='line_1_30' title="bbox 152 2197 1419 2282; baseline -0.012 -19"><span class='ocrx_word' id='word_1_207' title='bbox 152 2230 224 2282; x_wconf 83' lang='lat' dir='ltr'>per</span> <span class='ocrx_word' id='word_1_208' title='bbox 243 2216 394 2263; x_wconf 82' lang='lat' dir='ltr'>omnia</span> <span class='ocrx_word' id='word_1_209' title='bbox 429 2210 667 2265; x_wconf 88' lang='lat' dir='ltr'>momenti,</span> <span class='ocrx_word' id='word_1_210' title='bbox 698 2205 940 2272; x_wconf 86' lang='lat' dir='ltr'>antequam</span> <span class='ocrx_word' id='word_1_211' title='bbox 965 2197 1133 2247; x_wconf 87' lang='lat' dir='ltr'>Bellum</span> <span class='ocrx_word' id='word_1_212' title='bbox 1167 2204 1419 2268; x_wconf 82' lang='lat' dir='ltr'>incipiatur:</span> 
     </span>
     <span class='ocr_line' id='line_1_31' title="bbox 151 2274 1422 2340; baseline -0.014 -5"><span class='ocrx_word' id='word_1_213' title='bbox 151 2282 394 2340; x_wconf 73' lang='lat' dir='ltr'>Nimirum,</span> <span class='ocrx_word' id='word_1_214' title='bbox 408 2296 455 2328; x_wconf 89' lang='lat' dir='ltr'>vt</span> <span class='ocrx_word' id='word_1_215' title='bbox 464 2282 638 2326; x_wconf 76' lang='lat' dir='ltr'>diuertat</span> <span class='ocrx_word' id='word_1_216' title='bbox 651 2278 706 2324; x_wconf 80' lang='lat' dir='ltr'>ad</span> <span class='ocrx_word' id='word_1_217' title='bbox 713 2279 860 2323; x_wconf 79' lang='lat' dir='ltr'><em>Graeas.</em></span> <span class='ocrx_word' id='word_1_218' title='bbox 886 2275 1007 2320; x_wconf 76' lang='lat' dir='ltr'>Graeae</span> <span class='ocrx_word' id='word_1_219' title='bbox 1017 2285 1161 2318; x_wconf 87' lang='lat' dir='ltr'>autem</span> <span class='ocrx_word' id='word_1_220' title='bbox 1175 2274 1422 2319; x_wconf 69' lang='lat' dir='ltr'>Proditiones</span> 
     </span>
     <span class='ocr_line' id='line_1_32' title="bbox 152 2340 1421 2413; baseline -0.013 -10"><span class='ocrx_word' id='word_1_221' title='bbox 152 2354 262 2413; x_wconf 86' lang='lat' dir='ltr'>sunt,</span> <span class='ocrx_word' id='word_1_222' title='bbox 274 2352 492 2402; x_wconf 89' lang='lat' dir='ltr'>Bellorum</span> <span class='ocrx_word' id='word_1_223' title='bbox 502 2346 658 2398; x_wconf 89' lang='lat' dir='ltr'>scilicet</span> <span class='ocrx_word' id='word_1_224' title='bbox 681 2349 870 2402; x_wconf 76' lang='lat' dir='ltr'>SororeS‚</span> <span class='ocrx_word' id='word_1_225' title='bbox 884 2358 978 2389; x_wconf 89' lang='lat' dir='ltr'>non</span> <span class='ocrx_word' id='word_1_226' title='bbox 992 2342 1217 2389; x_wconf 68' lang='lat' dir='ltr'>Germanae</span> <span class='ocrx_word' id='word_1_227' title='bbox 1232 2340 1315 2389; x_wconf 80' lang='lat' dir='ltr'>illoe</span> <span class='ocrx_word' id='word_1_228' title='bbox 1327 2358 1421 2408; x_wconf 81' lang='lat' dir='ltr'>qui-</span> 
     </span>
     <span class='ocr_line' id='line_1_33' title="bbox 155 2408 1419 2484; baseline -0.013 -11"><span class='ocrx_word' id='word_1_229' title='bbox 155 2422 268 2484; x_wconf 88' lang='lat' dir='ltr'>dem,</span> <span class='ocrx_word' id='word_1_230' title='bbox 283 2423 353 2472; x_wconf 88' lang='lat' dir='ltr'>sed</span> <span class='ocrx_word' id='word_1_231' title='bbox 373 2422 548 2469; x_wconf 88' lang='lat' dir='ltr'>Generis</span> <span class='ocrx_word' id='word_1_232' title='bbox 571 2413 815 2466; x_wconf 86' lang='lat' dir='ltr'>Nobilitate</span> <span class='ocrx_word' id='word_1_233' title='bbox 829 2408 954 2482; x_wconf 87' lang='lat' dir='ltr'>quasi</span> <span class='ocrx_word' id='word_1_234' title='bbox 967 2414 1163 2479; x_wconf 69' lang='lat' dir='ltr'>impares</span> <span class='ocrx_word' id='word_1_235' title='bbox 1178 2410 1290 2459; x_wconf 88' lang='lat' dir='ltr'>Bella</span> <span class='ocrx_word' id='word_1_236' title='bbox 1304 2416 1419 2458; x_wconf 86' lang='lat' dir='ltr'>enim</span> 
     </span>
     <span class='ocr_line' id='line_1_34' title="bbox 132 2482 1424 2559; baseline -0.011 -18"><span class='ocrx_word' id='word_1_237' title='bbox 132 2485 142 2495; x_wconf 82' lang='grc'>’</span> <span class='ocrx_word' id='word_1_238' title='bbox 154 2489 366 2559; x_wconf 86' lang='lat' dir='ltr'>generosa,</span> <span class='ocrx_word' id='word_1_239' title='bbox 379 2491 652 2540; x_wconf 86' lang='lat' dir='ltr'>Proditiones</span> <span class='ocrx_word' id='word_1_240' title='bbox 670 2485 896 2554; x_wconf 86' lang='lat' dir='ltr'>degeneres</span> <span class='ocrx_word' id='word_1_241' title='bbox 914 2487 959 2529; x_wconf 72' lang='grc' dir='ltr'>δε</span> <span class='ocrx_word' id='word_1_242' title='bbox 972 2489 1126 2549; x_wconf 87' lang='lat' dir='ltr'>turpes.</span> <span class='ocrx_word' id='word_1_243' title='bbox 1162 2482 1323 2530; x_wconf 82' lang='lat' dir='ltr'>Earum</span> <span class='ocrx_word' id='word_1_244' title='bbox 1337 2484 1424 2528; x_wconf 91' lang='lat' dir='ltr'>De-</span> 
     </span>
     <span class='ocr_line' id='line_1_35' title="bbox 154 2548 1419 2629; baseline -0.011 -18"><span class='ocrx_word' id='word_1_245' title='bbox 154 2564 322 2629; x_wconf 85' lang='lat' dir='ltr'>scriptio</span> <span class='ocrx_word' id='word_1_246' title='bbox 342 2562 510 2628; x_wconf 82' lang='lat' dir='ltr'>elegans</span> <span class='ocrx_word' id='word_1_247' title='bbox 526 2558 606 2617; x_wconf 90' lang='lat' dir='ltr'>est,</span> <span class='ocrx_word' id='word_1_248' title='bbox 630 2573 679 2606; x_wconf 92' lang='lat' dir='ltr'>vt</span> <span class='ocrx_word' id='word_1_249' title='bbox 703 2562 813 2604; x_wconf 79' lang='lat' dir='ltr'>Canae</span> <span class='ocrx_word' id='word_1_250' title='bbox 838 2551 865 2600; x_wconf 69' lang='lat' dir='ltr'>a</span> <span class='ocrx_word' id='word_1_251' title='bbox 883 2548 1125 2599; x_wconf 83' lang='lat' dir='ltr'>Natiuitate</span> <span class='ocrx_word' id='word_1_252' title='bbox 1149 2549 1243 2608; x_wconf 80' lang='lat' dir='ltr'>sint,</span> <span class='ocrx_word' id='word_1_253' title='bbox 1272 2557 1315 2596; x_wconf 69' lang='grc' dir='ltr'>δε</span> <span class='ocrx_word' id='word_1_254' title='bbox 1331 2566 1419 2598; x_wconf 81' lang='lat' dir='ltr'>tan-</span> 
     </span>
     <span class='ocr_line' id='line_1_36' title="bbox 154 2620 1418 2702; baseline -0.011 -22"><span class='ocrx_word' id='word_1_255' title='bbox 154 2649 291 2702; x_wconf 85' lang='lat' dir='ltr'>quam</span> <span class='ocrx_word' id='word_1_256' title='bbox 309 2633 464 2689; x_wconf 77' lang='lat' dir='ltr'>Vetulae,</span> <span class='ocrx_word' id='word_1_257' title='bbox 477 2644 649 2698; x_wconf 88' lang='lat' dir='ltr'>propter</span> <span class='ocrx_word' id='word_1_258' title='bbox 661 2640 879 2694; x_wconf 86' lang='lat' dir='ltr'>perpetuas</span> <span class='ocrx_word' id='word_1_259' title='bbox 892 2620 1175 2669; x_wconf 88' lang='lat' dir='ltr'>Proditorum</span> <span class='ocrx_word' id='word_1_260' title='bbox 1194 2620 1344 2679; x_wconf 83' lang='lat' dir='ltr'>Curas,</span> <span class='ocrx_word' id='word_1_261' title='bbox 1377 2626 1418 2666; x_wconf 71' lang='grc' dir='ltr'>δε</span> 
     </span>
     <span class='ocr_line' id='line_1_37' title="bbox 153 2694 1424 2769; baseline -0.012 -16"><span class='ocrx_word' id='word_1_262' title='bbox 153 2699 488 2769; x_wconf 84' lang='lat' dir='ltr'>Trepidationes.</span> <span class='ocrx_word' id='word_1_263' title='bbox 527 2700 689 2749; x_wconf 83' lang='lat' dir='ltr'>Earum</span> <span class='ocrx_word' id='word_1_264' title='bbox 709 2710 854 2745; x_wconf 86' lang='lat' dir='ltr'>autem</span> <span class='ocrx_word' id='word_1_265' title='bbox 871 2694 934 2741; x_wconf 67' lang='lat' dir='ltr'>Vis</span> <span class='ocrx_word' id='word_1_266' title='bbox 959 2694 1270 2759; x_wconf 83' lang='lat' dir='ltr'>(antequamin</span> <span class='ocrx_word' id='word_1_267' title='bbox 1288 2694 1424 2738; x_wconf 77' lang='lat' dir='ltr'>inani-</span> 
     </span>
    </p>
   </div>
   <div class='ocr_carea' id='block_1_5' title="bbox 152 2763 1422 2876">
    <p class='ocr_par' dir='ltr' id='par_1_5' title="bbox 152 2763 1422 2876">
     <span class='ocr_line' id='line_1_38' title="bbox 152 2763 1421 2834; baseline -0.013 -12"><span class='ocrx_word' id='word_1_268' title='bbox 152 2771 309 2823; x_wconf 86' lang='lat' dir='ltr'>festam</span> <span class='ocrx_word' id='word_1_269' title='bbox 335 2764 627 2818; x_wconf 68' lang='lat' dir='ltr'>defefflonem</span> <span class='ocrx_word' id='word_1_270' title='bbox 649 2765 916 2834; x_wconf 82' lang='lat' dir='ltr'>erumpant)</span> <span class='ocrx_word' id='word_1_271' title='bbox 944 2776 1016 2809; x_wconf 86' lang='lat' dir='ltr'>aut</span> <span class='ocrx_word' id='word_1_272' title='bbox 1037 2763 1084 2808; x_wconf 88' lang='lat' dir='ltr'>in</span> <span class='ocrx_word' id='word_1_273' title='bbox 1107 2764 1255 2821; x_wconf 79' lang='lat' dir='ltr'>Oculo,</span> <span class='ocrx_word' id='word_1_274' title='bbox 1280 2767 1354 2810; x_wconf 83' lang='lat' dir='ltr'>aut</span> <span class='ocrx_word' id='word_1_275' title='bbox 1376 2764 1421 2806; x_wconf 86' lang='lat' dir='ltr'>in</span> 
     </span>
     <span class='ocr_line' id='line_1_39' title="bbox 1292 2837 1422 2876; baseline -0.008 0"><span class='ocrx_word' id='word_1_276' title='bbox 1292 2837 1422 2876; x_wconf 74' lang='lat' dir='ltr'>Dente</span> 
     </span>
    </p>
   </div>
   <div class='ocr_carea' id='block_1_6' title="bbox 115 2899 1369 2923">
    <p class='ocr_par' dir='ltr' id='par_1_6' title="bbox 115 2899 1369 2923">
     <span class='ocr_line' id='line_1_40' title="bbox 115 2899 1369 2923; baseline -0.01 -8"><span class='ocrx_word' id='word_1_277' title='bbox 115 2900 1309 2923; x_wconf 25' lang='lat' dir='ltr'>W-fflu</span> <span class='ocrx_word' id='word_1_278' title='bbox 1323 2899 1369 2902; x_wconf 36' lang='lat' dir='ltr'>v„</span> 
     </span>
    </p>
   </div>
   <div class='ocr_carea' id='block_1_7' title="bbox 115 394 122 531">
    <p class='ocr_par' dir='ltr' id='par_1_7' title="bbox 115 394 122 531">
     <span class='ocr_line' id='line_1_41' title="bbox 115 394 122 531; baseline 0 2774"><span class='ocrx_word' id='word_1_279' title='bbox 115 394 122 531; x_wconf 95' lang='lat' dir='ltr'> </span> 
     </span>
    </p>
   </div>
   <div class='ocr_carea' id='block_1_8' title="bbox 1370 2894 1589 2901">
    <p class='ocr_par' dir='ltr' id='par_1_8' title="bbox 1370 2894 1589 2901">
     <span class='ocr_line' id='line_1_42' title="bbox 1370 2894 1589 2901; baseline 0 404"><span class='ocrx_word' id='word_1_280' title='bbox 1370 2894 1589 2901; x_wconf 95' lang='lat' dir='ltr'> </span> 
     </span>
    </p>
   </div>
  </div>
 </body>
</html>
