2132 3272
463 236 505 289 6
609 230 612 232 ’
904 229 997 290 De
1014 229 1292 317 Augmentis
1317 231 1681 291 scientiarum,

645 377 763 425 illam
772 382 953 429 Naturae
964 379 1274 426 oeconomiam
1293 382 1448 444 (quam
1471 371 1658 440 appellat
1677 380 1797 439 Opus,
1818 377 1926 439 quod

648 452 834 513 ope'ratur
856 448 982 506 Dew,
1002 448 1053 495 ab
1071 450 1187 497 initio
1215 445 1344 512 ‘nsque
1355 444 1570 505 adfinem)
1599 461 1693 492 non
1721 445 1840 509 posse
1860 449 1926 492 iu-

646 522 783 568 ueniri
796 516 852 567 ab
868 521 1095 579 Homine,
1117 515 1204 566 hoc
1231 533 1326 564 non
1344 511 1528 564 detrahit
1539 517 1685 580 captui
1708 511 1926 575 humano,

643 588 711 638 sed
736 593 783 638 in
813 588 1133 656 impedimenta
1164 588 1398 636 Dostrinae
1432 582 1745 644 reficiendum,
1773 584 1921 652 qualia

642 658 739 707 sunt
759 663 873 709 Vitae
887 658 1090 717 breuitas,
1115 656 1374 705 Studiorum
1396 654 1602 713 diuortia,
1633 658 1920 703 Scientiarum

641 728 819 778 traditio
833 745 967 796 praua
984 735 1028 776 &
1041 725 1198 786 infida,
1211 725 1489 793 plurimaque
1503 723 1588 772 alia
1612 726 1922 784 incommoda,

641 795 804 867 quibus
826 798 1023 848 humana
1038 797 1242 847 conditio
1256 799 1454 845 irretitur.
1504 794 1733 865 Siquidem
1750 793 1920 843 nullam

637 867 840 919 Vniuerfi
861 881 1042 937 partem,
1054 866 1109 918 ab
1125 867 1322 918 humanit
1335 861 1641 935 disquisitione
1661 863 1851 913 alienam
1865 863 1922 913 es-

638 937 690 996 se,
712 939 809 988 satis
824 938 939 988 clarc
954 936 1059 987 alibi
1085 939 1230 997 docet,
1245 941 1467 1005 inquienS,
1487 940 1659 1002 Spiritus
1672 934 1838 984 hominis
1861 934 1921 997 est

636 1021 827 1073 tanquam
865 1011 1027 1058 lucerna
1058 1012 1156 1067 Dei,
1193 1007 1284 1077 qua
1314 1010 1469 1056 intima
1523 1022 1681 1055 arcana
1714 1005 1921 1074 explorat.

633 1079 781 1143 Qare
797 1075 829 1126 fi
842 1094 963 1127 tanta
978 1075 1031 1126 fit
1057 1076 1310 1146 amplitudo
1339 1079 1491 1136 captus
1508 1074 1710 1130 humani,
1734 1075 1922 1122 manife-

636 1145 751 1195 stum
762 1146 823 1196 est
851 1147 1027 1197 nullum
1041 1149 1121 1191 effe
1142 1140 1388 1208 periculum
1404 1137 1429 1187 a
1453 1144 1698 1209 quantitate
1710 1145 1922 1200 Scientiae,

633 1233 678 1265 vt
694 1233 739 1264 vt
753 1214 934 1271 diffusa,
959 1230 1016 1260 ne
1035 1225 1110 1258 aut
1129 1221 1349 1258 tumorem
1373 1207 1562 1269 inducat,
1586 1225 1659 1259 aut
1681 1210 1922 1263 exceffum:

630 1285 699 1334 sed
723 1284 748 1330 a
771 1280 976 1352 qualitate
998 1278 1198 1338 tantum,
1232 1296 1332 1350 quae
1356 1278 1746 1350 quantulacunque
1770 1278 1847 1342 sit,
1888 1279 1922 1331 fi

628 1349 791 1422 absque
805 1350 1021 1400 Antidoto
1047 1350 1120 1401 sua
1142 1347 1344 1409 sumatur,
1380 1348 1626 1417 malignum
1641 1350 1750 1419 quid
1766 1350 1920 1412 habet,

626 1437 758 1492 atque
778 1421 1060 1480 venenosum,
1079 1415 1274 1470 ssatuosis
1288 1418 1592 1488 symptomatis
1606 1417 1918 1490 pleniffimum.

624 1496 737 1542 Haec
759 1491 1009 1551 Antidotus,
1032 1487 1122 1540 fiue
1145 1491 1336 1546 Aroma,
1369 1494 1514 1550 (cuius
1537 1495 1690 1540 mixtio
1712 1508 1920 1564 temperat

628 1566 873 1624 scientiam,
898 1578 1087 1631 eamque
1102 1559 1431 1612 saluberrimam
1448 1557 1609 1623 efficit)
1636 1561 1698 1611 est
1719 1560 1919 1622 Charitas,

624 1632 750 1702 quod
763 1637 891 1684 etiam
903 1636 1037 1704 priori
1048 1631 1242 1683 clausula:
1265 1630 1485 1701 subiungit
1498 1631 1739 1702 Apostolus
1753 1633 1919 1695 dicens,

621 1708 796 1753 Scientia
804 1704 1110 1764 inflat‚charitas
1124 1717 1253 1753 autem
1265 1706 1444 1764 nidificat.
1471 1704 1558 1752 Cui
1570 1704 1821 1754 consonum
1840 1703 1915 1766 est,

626 1773 754 1842 quod
779 1772 883 1823 alibi
907 1775 1127 1835 docet,:Si,
1150 1779 1303 1844 inquit,-
1329 1776 1476 1838 linguis
1498 1775 1640 1841 loquar
1660 1777 1917 1839 Angelorum

623 1844 698 1891 vel
705 1842 884 1903 hominii,
894 1846 1129 1895 charitatem
1138 1860 1269 1894 autem
1280 1862 1358 1892 non
1368 1843 1683 1906 habeam,fc”ztflut
1691 1847 1788 1909 sum
1798 1847 1916 1895 ‘velut

620 1929 671 1958 ιω·
688 1916 884 1978 refinans,
902 1930 971 1963 aut
983 1915 1204 1977 cymbalum
1217 1919 1400 1964 tinniens.
1448 1918 1558 1964 Non
1574 1919 1683 1985 quin
1705 1919 1916 1963 eximium

621 1983 730 2047 quid
754 1979 805 2032 fit
823 1984 951 2054 loqui
970 1988 1160 2053 Linguis
1173 1985 1450 2053 Angelorum
1471 1993 1517 2034 &
1541 1988 1823 2045 Hominum,
1842 1983 1915 2033 sed

621 2055 725 2115 quia
738 2047 770 2093 si
783 2047 1023 2113 segregetur
1035 2055 1058 2103 a
1070 2054 1304 2119 Charitate,
1316 2073 1424 2120 neq3
1442 2055 1497 2104 ad
1510 2057 1705 2105 comune
1713 2057 1915 2102 Humani

623 2119 796 2164 Generis
820 2114 995 2165 bonum
1010 2117 1234 2184 dirigatur,
1248 2119 1393 2185 potius
1408 2122 1583 2169 inanem
1595 2120 1784 2187 gloriam
1797 2118 1914 2172 exhi-

623 2184 757 2245 bebit,
767 2184 905 2255 quam
917 2186 1106 2235 {olidum
1121 2184 1329 2236 frutS'tum.
1366 2187 1607 2241 Censuram
1623 2192 1750 2261 quod
1763 2196 1913 2242 attinet

624 2256 885 2318 Salomonis,
898 2256 954 2306 de
970 2255 1147 2306 Exceffu
1160 2256 1334 2325 legendi
1345 2256 1647 2331 scribendique
1664 2259 1835 2323 Libros,
1863 2269 1909 2312 &

620 2330 813 2377 cruciatu
823 2328 986 2397 spiritus
1001 2327 1217 2377 &Scientia
1226 2328 1416 2378 oriundo
1419 2351 1436 2388 5
1449 2332 1765 2402 Monitumque
1778 2337 1907 2382 etiam

623 2397 851 2447 Paulinum
864 2438 876 2458 ,
901 2404 971 2448 Ne
992 2402 1236 2466 decipiamur
1247 2411 1325 2465 per
1340 2404 1500 2448 inanem
1516 2401 1839 2468 phihsophiam5
1872 2400 1908 2452 fi

622 2467 735 2518 redte
746 2468 1006 2538 explicentur
1026 2486 1075 2518 ea
1087 2468 1197 2530 loca,
1219 2467 1384 2537 optime
1407 2469 1640 2520 ostendent
1657 2489 1780 2521 veros
1804 2491 1907 2523 can-

622 2536 768 2596 cellos,
792 2546 838 2589 &
860 2538 1033 2599 limites,
1055 2537 1216 2609 quibus
1240 2537 1432 2589 humana
1453 2540 1623 2591 scientia
1640 2543 1904 2613 circumsepi-

623 2621 704 2665 tur,
721 2611 776 2656 ita
787 2623 931 2659 tamen
948 2627 992 2661 vt
1002 2608 1189 2660 liberum
1203 2605 1254 2659 sit
1268 2614 1321 2671 ei,
1330 2608 1492 2680 absque
1505 2616 1632 2661 omni
1645 2616 1902 2663 coarstau'o-

622 2693 678 2725 ne
694 2677 930 2727 vniuersam
941 2699 1082 2730 rerum
1094 2696 1294 2730 naturam
1314 2681 1532 2749 ampleffi.
1574 2685 1683 2732 Sunt
1702 2687 1820 2732 enim
1845 2681 1898 2731 li-

623 2749 746 2796 mites
772 2763 868 2796 tres.
906 2751 1089 2811 Primus,
1111 2770 1168 2800 ne
1190 2756 1248 2800 ita
1271 2747 1544 2803 foelicitatem
1564 2752 1830 2803 collocemus
1848 2756 1896 2802 in

1704 2823 1896 2883 Scientifi‚

326 2879 1926 2911 ²—·-------——---—-———-——--—-—w
