2082 3272
428 252 499 309 80
887 248 979 309 De
999 250 1274 336 Augmentz}
1300 255 1660 314 Scientiarum„

635 400 876 454 Naturam,
900 394 1059 443 nullius
1092 400 1151 445 rei
1181 393 1436 463 potestatem
1461 392 1568 450 esse,
1611 412 1900 465 praeterquam
1932 439 1936 442 .

636 467 817 525 Motus,
841 482 886 513 vt
912 463 1066 515 scilicet
1091 468 1292 534 Corpora
1312 465 1535 514 Naturalia
1558 482 1631 513 aut
1651 466 1900 522 admoueat,

635 551 709 583 aut
731 552 963 585 amoueat:
1001 533 1079 585 vbi
1104 540 1232 603 igitur
1256 534 1383 583 datur
1405 534 1623 584 Admotio
1647 539 1901 602 Corporum

633 605 926 662 Naturalium,
948 623 1021 654 aut
1047 608 1275 664 Remotio,
1286 605 1607 672 coniungendo
1624 606 1645 667 (
1659 621 1703 654 vt
1718 607 1900 665 vocant)

633 676 794 723 Astiua
820 672 1020 734 Paffiuis,
1054 678 1210 725 omnia
1236 673 1376 741 potest
1401 673 1572 732 hom03
1609 673 1686 723 vbi
1706 693 1800 723 non
1829 673 1903 723 da-

631 744 863 804 tur,nihil:
895 748 1057 814 Neque
1080 742 1277 803 interest,
1297 739 1332 790 st
1356 746 1441 791 Res
1465 761 1689 811 ponantur
1718 750 1765 794 in
1785 744 1902 794 ordi-

631 833 685 862 ne
706 814 763 864 ad
784 814 979 883 aliquem
1006 811 1236 874 Effectum,
1261 811 1408 862 Vtrum
1431 812 1517 861 hoc
1540 812 1615 862 fiat
1643 831 1716 882 per
1739 817 1902 862 l-Iorni-

628 902 748 943 nem,
772 885 840 934 vel
863 883 1024 954 absque
1056 888 1279 933 Homine:
1315 888 1488 932 Aurum
1509 881 1750 954 aliquando
1779 902 1903 933 exco-

628 959 777 1021 quitur
794 960 910 1021 igne,
923 951 1167 1021 aliquando
1192 958 1238 1001 in
1263 953 1463 1002 Arenulis
1479 970 1638 1021 purum
1663 959 1901 1014 inuenitur,

628 1022 899 1071 ministrante
922 1019 1001 1071 sibi
1027 1020 1106 1090 ipfi
1128 1022 1326 1072 Natura:
1349 1026 1425 1071 Iris
1449 1021 1646 1073 fimiliter
1674 1022 1722 1072 fit
1744 1042 1793 1072 ex
1804 1028 1901 1075 Nu-

629 1089 684 1140 be
705 1090 957 1141 rosciditfin
983 1091 1160 1141 sublimi
1183 1118 1194 1152 3
1243 1090 1293 1139 fit
1321 1091 1454 1139 etiarn
1488 1109 1563 1159 per
1595 1092 1901 1158 Asperfionem

629 1163 773 1230 Aqua:
790 1202 802 1221 ,
834 1161 906 1211 hic
933 1163 1050 1230 apud
1082 1180 1177 1209 nos.
1242 1164 1396 1229 Itaque
1416 1164 1583 1210 Natura
1607 1165 1757 1210 onmia
1781 1167 1903 1230 regit,

629 1229 970 1281 subordinantur
993 1249 1138 1280 autem
1162 1230 1237 1278 illa
1261 1235 1352 1288 tria,
1373 1232 1512 1294 Curfiu
1532 1237 1699 1279 Naturae
1710 1251 1725 1287 3
1760 1238 1902 1298 Expa-

629 1307 744 1349 tiatio
767 1308 937 1351 Natum
963 1322 976 1358 3
1027 1308 1072 1348 δε
1107 1306 1210 1359 Ars,
1244 1296 1332 1348 siue
1354 1298 1543 1347 Additus
1569 1298 1718 1349 Rebus
1735 1305 1902 1351 Homo:

630 1370 826 1440 Ideoque
842 1377 889 1419 in
915 1370 1110 1418 Historia
1130 1368 1359 1428 Naturali,
1385 1373 1462 1417 tria
1487 1369 1560 1418 illa
1586 1370 1904 1438 comprehendi

632 1456 708 1508 par
733 1439 816 1495 est,
863 1440 987 1508 quod
1014 1443 1145 1487 etiam
1175 1441 1225 1486 C.
1247 1437 1410 1487 Plinius
1443 1439 1607 1505 magna
1629 1457 1678 1487 ex
1705 1455 1822 1507 parte
1845 1438 1902 1489 fe-

631 1514 719 1567 cit5
760 1512 835 1579 qui
869 1508 1113 1558 Historiam
1147 1507 1406 1559 Naturalem
1437 1507 1551 1558 solus
1585 1526 1665 1577 pro
1692 1510 1904 1577 dignitate

631 1582 889 1647 complexus
913 1578 1001 1640 est,
1044 1579 1113 1629 sed
1135 1578 1430 1647 complexam,
1454 1577 1643 1627 minime
1668 1596 1716 1629 vt
1743 1580 1902 1641 decuit,

628 1642 722 1698 imo
737 1648 884 1719 potius
898 1650 1091 1717 indignis
1107 1649 1255 1699 modis
1267 1651 1478 1698 tractauit.

719 1723 889 1769 Harum
920 1725 1062 1789 prima
1089 1717 1269 1769 habetur
1289 1717 1572 1768 mediocriter
1597 1719 1761 1770 exculta
1776 1742 1792 1778 ‚-
1833 1724 1902 1768 Se-

632 1806 811 1856 quentcs
835 1792 1008 1839 duaeita
1034 1788 1234 1850 tenuiter,
1259 1797 1302 1838 &
1328 1787 1542 1838 inutiliter
1570 1794 1824 1847 tractantur,
1856 1794 1900 1838 vt

629 1862 674 1907 iu
698 1861 1017 1919 Defideratorum
1041 1859 1164 1909 claffe
1190 1860 1454 1929 reponendae
1477 1856 1573 1910 sint.
1597 1863 1755 1928 Neque
1780 1864 1898 1906 enim

627 1933 805 1996 reperias
829 1931 923 1978 satis
948 1930 1219 1990 instructam,
1247 1937 1291 1978 &
1308 1929 1573 1998 locupletem
1587 1929 1898 1977 collectionem

629 2000 831 2062 Operum
859 2004 1040 2048 Naturae
1062 2018 1231 2058 eorum,
1249 2017 1348 2069 quae
1370 1999 1396 2048 a
1417 1998 1558 2048 Cursu
1573 1998 1799 2047 ordinario
1818 2000 1898 2046 Ge-

629 2071 918 2126 nerationum‚
943 2069 1316 2128 Produffionum,
1336 2075 1379 2116 &
1395 2070 1613 2118 Motuum
1639 2066 1900 2129 aberrarunt,

633 2141 678 2181 δε
700 2131 965 2182 deflexerunt
993 2158 1004 2191 ς
1050 2136 1140 2183 fine
1162 2135 1248 2184 fint
1270 2138 1345 2184 illa
1365 2142 1511 2185 foetus
1535 2152 1744 2198 certarum
1772 2138 1900 2203 Regi-

629 2221 775 2251 ouum
800 2220 873 2252 aut
894 2207 1118 2253 Locorum
1144 2201 1407 2272 fingulares;
1433 2201 1522 2253 siue
1541 2207 1822 2273 Temporum
1845 2209 1900 2255 E-

632 2290 785 2322 uentus
816 2273 976 2322 insoliti
997 2303 1009 2334 ;
1046 2271 1135 2322 siue
1156 2274 1320 2339 Caficum
1359 2281 1432 2333 (vt
1452 2279 1511 2322 ait
1537 2274 1634 2331 ille)
1661 2280 1858 2338 Ingenia..
1879 2298 1896 2334 ,-

632 2340 718 2391 fiue
739 2345 1060 2412 Proprietatum
1081 2341 1346 2394 Abditarum
1368 2341 1580 2402 Effectu53
1618 2340 1707 2392 fiue
1728 2349 1898 2393 Mono-

631 2413 725 2462 dica
749 2417 928 2463 Naturae
954 2418 998 2462 in
1029 2413 1102 2462 sua
1135 2418 1290 2480 Specie.
1344 2417 1457 2463 Non
1482 2431 1744 2482 *negauerim
1777 2420 1896 2474 inue-

638 2486 718 2531 niri
754 2481 909 2533 Libros
939 2481 1081 2532 nimio
1113 2484 1253 2551 plures
1265 2521 1280 2543 ,
1324 2481 1534 2533 fabulofis
1566 2485 1898 2551 Experimentis,

635 2555 958 2603 Commentitiis
985 2557 1188 2612 Secretis,
1226 2559 1271 2600 &
1308 2552 1476 2602 friuolis
1511 2552 1796 2620 Imposturis,
1843 2553 1897 2604 ad

638 2620 936 2687 Voluptatem,
958 2629 1003 2671 δε
1026 2620 1517 2683 Nouitatem,refertos;
1556 2623 1775 2673 Caeteriim
1791 2615 1895 2683 Nar-

632 2693 844 2739 rationem
869 2711 1061 2759 grauem,
1090 2700 1135 2740 δε
1155 2692 1343 2742 seueram
1358 2692 1412 2741 de
1426 2693 1719 2753 Heteroclitis,
1741 2700 1785 2740 &
1810 2694 1898 2740 Mi-

631 2755 837 2809 rabilibus
860 2766 1053 2821 Naturae,
1075 2759 1305 2828 diligenter
1320 2766 1628 2823 examinatam,
1650 2780 1699 2821 ac
1713 2759 1896 2812 fidente-r

1629 2829 1897 2896 descriptam,
